2236 3584
140 153 272 255 'eron
480 195 576 253 ure.
616 193 641 252 1.
895 201 956 254 noe

201 349 336 425 Namque
349 347 476 420 videbat,
489 350 534 408 uti
547 349 685 413 bellantes
699 349 834 424 Pergama
846 347 955 407 circum

162 451 226 510 Hac
239 451 373 528 fugerent
385 451 475 521 Graii,
494 459 635 530 premeret
647 447 770 526 Trojana
783 447 934 526 juventus:

161 554 226 610 Hac
238 553 377 630 Phryges,
400 553 515 616 instaret
527 571 613 611 curru
624 551 752 610 cristatus
764 551 904 610 Achilles.

161 655 194 712 N
194 673 226 712 ec
239 655 337 732 procul
350 655 419 716 hinc
432 653 516 713 Rhefi
529 654 620 712 niveis
634 654 755 712 tentoria
768 653 846 712 velis·

161 756 302 834 Agnoscit
313 756 481 828 lacrimans,
502 757 594 834 primo
605 775 671 834 quie
682 755 795 833 prodita
808 755 907 818 somno

160 857 287 936 Tydides
300 859 391 916 multi
403 859 527 916 vallabat
539 859 615 916 caede
628 869 780 930 cruentus3

162 961 355 1038 Ardentisque
368 961 470 1019 avertit
482 979 569 1037 equos
581 961 613 1018 in
626 961 722 1030 castra,
741 961 818 1037 prius
831 981 918 1038 quam

162 1063 267 1122 Pabula
281 1063 432 1140 gustassent
444 1062 545 1140 Trojae‚
566 1062 771 1138 Xanthumque
784 1063 925 1122 bibissent.

161 1167 243 1223 Parte
256 1166 313 1224 alie
325 1165 438 1242 fugiens
450 1164 553 1222 amiffis
565 1164 679 1224 Troilus
691 1165 785 1236 ermis,
812 1199 815 1204 -

161 1268 268 1325 Infelix
280 1287 359 1344 puer,
379 1276 465 1344 atque
476 1267 559 1344 inpar
570 1246 730 1343 congressus
739 1267 859 1336 Achilli,

162 1371 263 1428 Fertur
274 1371 363 1448 equis,
383 1389 524 1446 curruque
537 1370 626 1428 haeret
638 1371 784 1447 resupinus
797 1370 885 1441 inani,

162 1474 236 1531 lora
249 1483 348 1531 tenens
361 1483 470 1531 tamen:
485 1471 554 1537 huic
567 1471 728 1548 cervixque,
742 1491 888 1549 comaeque
897 1481 955 1532 tra·

239 1575 348 1632 huntur
411 1573 413 1582 ¹

162 1678 214 1734 Per
227 1685 339 1746 terram,
359 1686 389 1735 et
401 1677 481 1735 versi
494 1677 587 1754 pulvis
599 1675 765 1736 inscribitur
776 1677 863 1736 haste.

161 1780 283 1848 Interea,
305 1779 340 1837 ad
353 1780 491 1856 templum
506 1797 565 1836 non
577 1797 666 1854 requae
679 1779 797 1836 Palladis
810 1778 891 1838 ibant

162 1881 297 1938 Crinibus
309 1881 411 1938 iliades
423 1881 513 1958 passis,
532 1881 706 1957 peplumque
719 1881 857 1953 ferebant,

162 1985 333 2061 Suppliciter
346 1984 444 2054 tristes,
464 1991 494 2041 et
506 1983 596 2042 tunsae
607 1983 719 2060 pectora
732 1984 847 2061 palmis:

161 2087 237 2146 Diva
251 2085 309 2144 solo
322 2087 393 2144 fixos
405 2086 500 2144 oculos
512 2085 607 2144 aversa
620 2087 744 2144 tenebat.

161 2189 220 2247 Ter
232 2188 341 2247 circum
353 2188 454 2248 Iliacos
466 2196 624 2265 raptaverat
636 2189 761 2246 Hectora
773 2209 877 2258 muros,

162 2292 392 2367 Exanimumque
404 2309 473 2348 auro
486 2309 586 2366 corpus
598 2290 748 2359 vendebat,
769 2291 906 2352 Achilles.

199 2393 278 2451 Turn
296 2411 364 2451 vero
386 2392 535 2468 ingentem
555 2391 696 2468 gemitum
715 2392 766 2450 dat
784 2393 897 2469 pectore
916 2395 953 2454 ab

277 2494 346 2564 imo,

160 2597 205 2654 Ut
217 2594 313 2672 spolia,
332 2603 368 2652 ut
380 2613 485 2663 currus,
506 2604 595 2670 utque
608 2593 701 2671 ipsum
714 2613 814 2672 corpus
827 2596 921 2666 amici,

160 2698 397 2773 Tendentemque
407 2715 508 2754 manue
518 2695 662 2754 Priamum
671 2695 817 2773 conspexit
826 2697 953 2759 inennn.

161 2801 197 2858 Se
209 2818 323 2875 quoque
342 2797 519 2876 principibus
535 2798 710 2874 permixtum
731 2799 849 2876 agnovit
861 2799 953 2859 Achi-

237 2919 290 2970 vie,

162 3005 289 3078 ansque
301 3002 383 3072 acies,
402 3010 433 3060 et
445 3000 520 3079 nigri
533 2999 699 3059 Memnonis
712 3019 799 3061 enne.
869 3005 871 3010 ’

162 3104 252 3165 Ducit
264 3104 475 3164 Amazonidum
489 3102 595 3164 lunatis
607 3101 722 3182 agmina
733 3101 818 3180 peltis
