2236 3584
143 182 235 250 v.97.⁴
467 181 566 240 LIB.
605 171 631 238 Ῐ.
671 225 673 228 -
886 179 943 248 189
1013 127 1014 130 ¹

143 334 271 410 Tydide!
293 346 378 394 mene
391 335 486 395 Iliacis
499 338 668 396 occumbere
681 331 788 412 campie

142 435 355 512 Nonpotuilse,
371 439 475 515 tuique
486 439 613 497 animam
624 439 699 496 hanc
710 435 856 494 effundere
869 435 938 494 dex-

219 539 276 596 tra!

142 642 237 700 Saevus
249 643 301 722 ubi
314 644 445 702 AEacidae
457 637 516 717 telo
524 643 602 722 jacet
614 641 732 713 Heitor,
752 642 803 700 ubi
815 641 920 718 ingeni

141 745 298 822 Sarpedon3
320 747 371 804 ubi
385 756 427 805 tot
441 749 544 805 Simois
557 755 692 823 conrepta
710 745 763 804 sub
775 745 859 804 undis

142 847 227 904 Scuta
240 848 344 916 virum,
365 850 524 926 galeasque,
544 859 575 908 et
592 849 678 908 fortia
691 865 818 926 corpora,
837 844 938 908 volvit.
983 864 985 876 ·

164 1009 167 1013 .
179 951 263 1008 Talia
272 949 391 1032 jactanti
405 953 522 1010 stridens
535 953 668 1028 aquilone
680 951 805 1030 procella

139 1052 247 1135 Velum
260 1053 373 1111 adversa
386 1054 463 1122 serit,
483 1055 643 1130 fluitusque
655 1053 692 1112 ad
704 1055 792 1112 fidera
805 1053 880 1112 tollit
884 1073 895 1124 5

140 1157 323 1234 Franguntur
336 1158 422 1216 remi:
445 1167 507 1216 turn
520 1177 601 1236 prora
615 1157 728 1226 avertit,
748 1167 778 1214 et
790 1157 875 1214 undis

137 1250 199 1318 Dait
224 1261 313 1318 latus:
347 1259 508 1336 insequitur
529 1260 657 1321 cumulo.
673 1267 832 1337 praeruptus
855 1275 937 1334 aquae

216 1383 307 1421 mons.
583 1433 586 1439 .

138 1464 182 1522 Hi
194 1465 306 1524 summo
318 1465 349 1522 in
363 1453 453 1523 fluitu
466 1467 593 1542 pendent
598 1491 607 1538 5
629 1465 673 1524 his
686 1465 763 1524 unda
776 1464 923 1522 dehiscens

138 1551 257 1626 Terram
269 1561 346 1626 inter
358 1569 460 1628 fluetus
473 1569 580 1645 aperit5
602 1569 674 1626 furit
687 1569 768 1626 aestus
781 1567 883 1625 arenie

137 1669 202 1728 Tris
215 1670 247 1728 N
248 1680 312 1728 otus
325 1671 455 1746 abrepta‘s
468 1671 498 1728 in
511 1671 579 1728 saxa
591 1671 711 1728 latentia
725 1678 856 1746 torquete

138 1773 211 1830 Saxa
225 1782 327 1830 vocant
342 1773 419 1843 Itali,
439 1773 542 1832 mediis
553 1793 617 1849 quae
630 1773 661 1830 in
675 1773 817 1843 fluetibus,
832 1775 920 1830 Aras:

11 1875 15 1884 ’
137 1874 262 1932 Dorsum
274 1875 391 1932 inmane
404 1875 478 1932 mari
491 1874 611 1933 summo.
641 1877 706 1933 Tris
720 1875 813 1932 Eurus
826 1875 862 1932 ab
876 1873 936 1932 alto

137 1977 174 2033 In
184 1977 280 2034 brevia
292 1983 323 2033 et
335 1977 417 2052 syrtis
430 1986 545 2052 urguet,
565 1977 725 2036 miserabile
737 1977 809 2046 visu,

137 2078 294 2153 Inliditque
307 2079 396 2149 vadis,
416 2087 503 2154 atque
515 2098 620 2156 aggere
632 2079 724 2156 cingit
737 2098 839 2138 arenae.

136 2181 245 2249 Unam,
265 2201 329 2256 quae
342 2181 445 2258 Lycios
458 2181 607 2258 fidumque
618 2183 740 2240 vehebat
754 2182 896 2254 Oronten,

137 2284 226 2362 Ipfius
238 2295 306 2342 ante
319 2283 414 2342 oculos
427 2285 528 2362 iugens
541 2304 557 2342 a
570 2283 677 2342 vertice
689 2293 793 2360 pontus
815 2321 819 2332 ι

136 2387 172 2444 In
185 2387 307 2463 puppim
320 2387 401 2446 serit:
423 2386 568 2444 excutitur
580 2406 741 2464 pronusque
753 2387 886 2464 magister
926 2427 931 2433 -

136 2481 271 2547 Volvitur
283 2489 313 2546 in
328 2499 427 2565 caput:
449 2489 489 2546 ast
501 2488 581 2546 illam
594 2500 637 2546 ter
650 2489 753 2548 fluetus
765 2489 876 2548 ibidem

134 2591 264 2668 Torquet
285 2610 372 2669 agens
392 2591 508 2662 circum,
534 2601 564 2649 et
583 2591 698 2669 rapidus
717 2601 798 2652 vorat
809 2609 931 2668 «aequore

212 2703 321 2753 vortex.
850 2679 854 2687 ¹

135 2799 285 2874 Adparent
297 2797 353 2856 rari
367 2805 466 2855 nantes
478 2797 511 2854 in
524 2796 638 2874 gurgite
650 2798 739 2870 vast05

135 2900 340 2968 Armflvirilm,
361 2899 530 2976 tabulaeque,
550 2909 580 2958 et
589 2901 677 2959 Troia
689 2917 820 2978 gazaper
830 2901 930 2960 undae.

134 3005 201 3082 Jam
214 3003 339 3062 validam
351 3003 455 3061 llionei
468 3021 579 3072 navem,
594 3001 655 3080 jam
667 3003 750 3062 ¹fortis
763 3004 895 3073 Achatae,

83 3167 93 3190 Ι
135 3106 173 3166 lit
186 3107 243 3184 qud
255 3106 350 3166 vectus
363 3107 451 3178 Abas,
472 3113 503 3164 et
515 3105 572 3182 qui
583 3105 750 3184 grandaevus
763 3107 873 3177 Aletes,
