2194 3584
107 197 206 259 aaa.
375 160 713 248 eunocum
881 193 915 258 ιε

112 339 217 398 Ubera
226 359 239 412 ς,
257 359 310 400 noc
322 361 441 418 magnos
453 351 583 404 metuent
594 350 722 402 armenta
734 342 838 400 leones.

116 441 186 518 Ipsa
199 442 253 501 tibi
265 444 383 502 blandos
395 445 519 506 fundent
531 445 672 504 cunabula
685 445 777 502 florea.

118 543 246 620 Occidet
257 554 287 602 et
298 545 420 622 serpens,
440 556 470 604 et
482 547 571 606 fallax
583 547 671 606 herba
682 546 784 606 veneni
800 555 802 560 ’

23 697 25 704 .
116 644 242 703 Occidet
249 671 257 717 ς
280 646 426 724 Assyrium
437 649 524 724 vulgo
535 648 664 706 nascetur
676 667 833 710 amomum.

115 747 171 816 At,
191 746 274 806 sunul
287 747 410 806 heroum
422 749 520 808 laudes
532 759 562 834 et
575 751 651 808 satta
663 750 789 826 parentis

116 851 186 934 Jam
201 850 306 926 legere,
327 859 357 910 et
369 871 433 928 quae
447 851 480 909 fit
491 852 599 930 poteris
610 853 778 929 cognoscere
791 853 880 912 virtus
887 849 902 924 3‘

118 952 207 1010 Molli
219 952 371 1030 paullatim
383 953 514 1036 flavescet
526 975 642 1032 campus
653 955 744 1026 aristi,
802 1029 805 1034 Ι

119 1053 300 1129 Incultisque
313 1055 417 1111 rubens
430 1054 567 1130 pendebit
580 1057 705 1115 sentibus
718 1077 791 1129 uva3

119 1157 159 1213 Et
171 1156 251 1213 durae
262 1174 382 1234 quercus
395 1155 535 1236 sudabunt
548 1157 656 1218 roscida
667 1159 763 1240 melsa.

120 1259 214 1315 Pauca
227 1267 324 1316 tamen
337 1257 472 1316 suberunt
483 1260 581 1337 priscae
593 1260 709 1337 vestigia
721 1239 837 1328 smudin

124 1360 202 1417 Quae
214 1369 322 1418 tentare
334 1360 452 1420 Thetim
463 1363 579 1434 ratibus,
599 1383 662 1438 quae
675 1363 789 1440 cingere
800 1363 888 1422 muris
923 1429 929 1440 ,

122 1461 249 1539 Oppida,
269 1481 332 1537 quae
340 1461 461 1538 jubeant
473 1464 604 1524 tellurem
616 1465 755 1524 infindere
768 1465 861 1524 sulcis.

123 1565 209 1621 Alter
221 1563 275 1646 erit
288 1573 350 1622 tum
362 1564 480 1642 Tiphys,
500 1567 628 1626 etaltera
641 1587 705 1643 quae
719 1567 805 1627 vehat
819 1570 898 1646 Argo

124 1666 259 1724 Deledtos
271 1665 383 1738 heroam
405 1676 489 1726 erunt
502 1667 589 1730 etiam
598 1669 685 1728 altera
699 1669 789 1742 bella;

123 1771 224 1850 Atque
236 1768 341 1828 iterum
352 1770 387 1826 ad
395 1767 511 1846 Trojam
518 1789 638 1848 magnus
645 1771 774 1830 mittetur
781 1771 920 1832 Achilles.

123 1871 214 1939 Hinc,
234 1870 284 1928 ubi
292 1869 353 1947 jam
365 1870 475 1928 fimrata
488 1871 581 1929 vitum
593 1882 621 1930 te
633 1873 734 1930 fecerit
743 1883 818 1942 aetas,

126 1974 219 2030 Cedet
231 1981 260 2029 et
272 1971 331 2049 ipse
344 1972 416 2030 mari
430 1972 525 2030 vedor
532 1998 540 2046 ς
562 1992 615 2030 uec
628 1974 740 2032 nautica
753 1974 838 2051 pinus

127 2073 256 2132 Mutabit
268 2092 388 2132 merces:
410 2074 503 2131 omnis
516 2075 588 2132 seret
600 2074 697 2132 omnia
710 2076 802 2134 tellus.

128 2175 197 2233 Non
210 2174 308 2232 rastros
321 2174 444 2251 patietur
453 2175 567 2244 humus,
586 2195 649 2234 non
660 2175 743 2234 vinea
754 2178 875 2252 falcem

129 2279 267 2336 Robustus
280 2296 393 2353 quoque
401 2275 463 2352 jam
475 2278 562 2334 tauris
571 2277 641 2354 juga
654 2278 743 2338 solvet
755 2291 862 2340 arator:

130 2381 193 2438 Nec
205 2380 296 2436 varios
309 2379 397 2436 discet
410 2379 525 2436 mentiri
536 2379 601 2437 lana
612 2381 734 2454 colores;

131 2481 193 2558 Ipse
205 2481 252 2538 sed
264 2481 296 2538 in
309 2479 394 2557 pratis
406 2479 475 2537 aries
484 2478 545 2556 jam
557 2481 641 2539 suave
653 2471 766 2541 rubenti

132 2582 254 2651 Murice,
263 2579 331 2681 jam
341 2600 439 2639 croceo
451 2583 576 2640 mutabit
588 2583 690 2642 vellera
702 2586 780 2658 lut03

132 2687 233 2762 Sponte
247 2684 296 2742 sut
309 2684 415 2760 sandyx
426 2683 563 2760 pascentis
578 2685 674 2744 vestiet
685 2705 781 2762 agnos.

132 2787 211 2845 Talia
224 2787 314 2855 saecla,
334 2785 390 2842 suis
403 2786 544 2854 dixerunt,
564 2787 677 2856 currite,
695 2788 763 2846 susis

133 2889 290 2949 Concordes
301 2887 392 2948 stabili
405 2887 529 2945 fatorum
542 2889 660 2946 urunine
673 2891 774 2946 Parcae.

168 2991 331 3066 Adgredere
341 3005 493 3064 ornagnoa¹
503 2991 592 3048 aderit
599 2988 660 3066 jam
668 3001 787 3067 tempus,
794 2990 923 3066 honores,

133 3093 202 3150 Cara
213 3092 299 3152 deum
310 3091 428 3160 subolet,
448 3091 675 3167 magnumJovia
688 3091 906 3162 incrementum!
