2194 3584
510 403 670 443 conrnon.

186 481 282 540 Saetofi
294 491 379 559 caput
392 483 447 541 hoc
460 484 520 560 apri
534 485 597 557 tibi,
618 484 711 557 Delia,
730 503 833 562 parvus

186 585 224 642 Et
236 585 343 642 ramosa
355 585 456 643 Micon
467 586 572 646 vivacis
585 605 689 645 cornua
702 586 786 645 cervi.

90 731 92 736 .
184 685 215 746 si
228 687 375 764 proprium
386 688 441 746 hoc
454 688 549 758 suerit,
569 689 627 748 levi
640 691 675 747 de
688 708 829 748 marmore
842 695 902 746 tota

185 789 309 847 Puniooo
321 789 404 848 stabis
417 790 492 848 suras
504 791 614 849 evinda
625 791 775 849 cothurno.

508 912 648 952 nnrnsrs.

184 992 284 1051 Sinum
296 993 385 1064 ladio,
405 1001 435 1052 et
447 994 509 1052 haec
522 1003 550 1052 to
560 993 627 1065 liba,
648 994 757 1070 Priape,
777 995 941 1069 quotannis

128 1137 131 1140 -
184 1095 351 1172 Exspodiare
364 1095 406 1154 sat
418 1097 471 1154 est:
493 1097 622 1154 custoses
632 1096 761 1173 pauperis
771 1097 856 1154 horti.

184 1198 273 1258 Nunc
286 1206 315 1257 te
326 1217 517 1256 marmoreum
529 1217 580 1274 pro
593 1207 720 1274 tempore
730 1198 864 1269 fecimus5
886 1205 916 1256 at
930 1207 972 1269 tu,
1080 1214 1081 1232 ¹

184 1299 215 1356 Si
226 1300 319 1358 fetura
332 1319 450 1376 gregem
462 1299 641 1377 suppleverit,
656 1319 756 1358 aureus
768 1300 836 1358 esto.

507 1421 666 1460 conrnon.

183 1501 293 1564 Nerine
306 1503 434 1575 Galatea,
455 1503 557 1580 thymo
569 1503 642 1561 mihi
655 1502 764 1562 dulcior
777 1505 893 1581 Hyblae,

183 1606 340 1664 Candidior
352 1607 458 1683 cycnis,
478 1607 562 1666 edera
574 1607 721 1666 formofior
733 1607 812 1666 alba:

184 1708 425 1786 Quumrprimum
438 1708 506 1786 pasti
518 1717 645 1785 repetent
658 1708 791 1786 praesepia
804 1708 889 1778 tauri,

184 1811 282 1886 Siqua
296 1811 338 1868 tui
351 1811 510 1887 Corydonis
522 1811 610 1869 habet
623 1819 653 1868 to
666 1829 742 1881 cura,
762 1810 870 1869 venito.
908 1841 911 1848 Δ

512 1927 653 1970 nnrnsrs.

182 2015 277 2074 Immo
288 2033 342 2090 ego
356 2014 466 2072 Sardois
477 2013 575 2072 videar
587 2013 641 2072 tibi
654 2013 776 2072 amarior
788 2014 891 2085 herbis,

182 2116 333 2175 Horridior
344 2116 434 2185 rusco,
447 2113 569 2193 projedd
581 2114 665 2173 vilior
678 2115 757 2191 algl3

184 2218 214 2276 Si
225 2217 299 2275 mihi
307 2237 369 2275 non
382 2217 444 2274 haec
456 2217 507 2274 lux
520 2225 582 2274 toto
591 2215 652 2292 jam
665 2217 778 2292 longior
791 2236 866 2275 anno
878 2218 928 2276 est.

183 2319 368 2389 Redonum,
388 2317 468 2394 pasti,
488 2317 586 2393 liquis
598 2318 698 2394 pudor,
719 2318 768 2390 ite,
785 2317 911 2395 juvenci.

503 2437 663 2477 conrnon.

184 2522 308 2582 Muscoli
319 2522 421 2590 fontoo,
440 2529 470 2578 et
482 2521 581 2578 somno
593 2521 706 2598 mollior
717 2521 814 2593 herba,

184 2626 223 2683 Et
235 2643 299 2700 quae
313 2643 364 2682 voa
377 2622 438 2681 rard
452 2622 549 2681 viridis
564 2623 637 2699 tegit
649 2625 765 2702 arbntus
778 2624 890 2694 umbri,

185 2725 340 2784 solstitium
352 2724 448 2802 pecori
461 2723 621 2783 defendite:
639 2723 702 2802 jam
714 2724 796 2784 venit
808 2726 885 2783 aestas

185 2827 314 2897 Torrida‚
329 2825 391 2903 jam
401 2827 467 2884 laeto
477 2835 593 2902 turgent
605 2825 634 2883 in
648 2826 767 2904 palmite
778 2841 909 2903 gemmae.

509 2945 651 2986 raanan.

186 3030 243 3089 His
254 3031 343 3104 focus,
362 3037 394 3091 et
406 3030 487 3089 taedae
499 3029 630 3108 pingues,
650 3030 699 3089 hic
710 3031 850 3108 plurimus
862 3031 940 3110 ignia

180 224 220 286 ao
434 227 737 300 noconrca,
892 239 985 304 mo.
1030 179 1038 187 ⁸

1075 368 1078 508 l
