2208 3574
426 151 632 201 NOTULAE.

127 306 195 352 quem
205 291 280 340 locum
291 291 405 342 inselieitir
414 295 504 342 vexabat
511 295 623 342 Heinsius.
648 295 726 358 Neque
735 294 826 340 successu
834 293 925 342 meliore

127 394 207 426 manus
218 381 358 429 immisenmt
367 383 408 429 viri
419 384 477 430 dosii
488 385 511 430 in
522 385 613 441 Silium,
623 385 681 430 Pun.
692 383 723 429 iv.
743 396 795 442 3¹²·

256 473 333 532 Atque
343 467 388 518 imi
399 473 497 532 ‘longe'
510 471 618 534 trepidant
628 472 652 518 in
662 472 717 518 valle
728 469 857 532 ‘juvenem'

126 557 191 607 Idem
203 557 291 607 inseritis
303 559 354 607 mid.
365 575 411 606 ver.
426 559 479 620 376.

258 679 528 698 ............
544 664 660 696 murmure
669 648 749 696 anhelo

256 737 381 798 squalentes
389 752 477 799 campos
487 746 509 783 et
520 737 600 796 ‘longa
610 737 715 798 mapalia'
726 736 844 798 complent.

88 889 90 894 Ι
127 826 207 888 Neque
216 841 329 888 excerpere
339 827 417 889 pigebit
427 828 546 887 elegantem
557 827 676 873 clausulam
687 841 714 872 ex
724 825 855 872 Mamertini
865 835 924 885 grat.

126 914 170 961 adl.
193 916 242 980 Ju1.
259 916 309 962 sesi
322 932 345 963 s.
377 917 406 962 Et
417 915 474 962 ‘lata
484 915 624 978 campomm'
637 915 717 970 balatu,
734 914 831 971 hinnitu,
848 918 919 960 ‘mu-

125 1003 217 1062 gitibus'
234 1004 329 1067 persona.
360 1001 437 1061 Porrd,
453 1004 503 1050 hinc
521 1001 599 1050 reiliiis
615 1004 670 1062 legas
687 1002 844 1059 Claudianum,
860 1017 919 1049 cons.

125 1093 175 1139 Stil.
186 1092 220 1140 iii.
239 1094 293 1154 336.

255 1213 405 1230 .......
421 1215 429 1242 ‚
446 1187 601 1243 ‘armentaque
612 1181 686 1240 longa*

254 1271 345 1318 Vastaut
355 1270 489 1333 AEthiopum
498 1287 504 1316 ε

124 1357 200 1404 conset
215 1358 270 1405 AEn.
282 1359 299 1406 i.
324 1357 378 1408 18⁶.
416 1359 530 1422 AEmulari
545 1359 616 1406 voluit
633 1357 744 1404 Miltonus
758 1357 841 1404 noster:
868 1358 918 1404 Par.

126 1447 199 1494 amiss.
211 1446 251 1494 vii.
266 1445 324 1508 462.
611 1453 613 1458 ’

255 1567 523 1585 ............
540 1537 598 1584 these
607 1538 630 1584 in
640 1536 710 1596 flocks

252 1625 367 1685 Paliuring
376 1635 398 1672 at
408 1641 470 1684 once,
485 1626 527 1672 and
536 1627 560 1672 in
571 1632 578 1658 ‘
588 1626 651 1672 broad
660 1625 732 1672 hetds'
743 1626 861 1689 upspnrng.

158 1715 211 1760 Ver.
226 1725 278 1773 174.
305 1715 393 1762 Vellem
409 1714 472 1760 scribi
488 1713 575 1770 ‘attes‚'
597 1723 623 1760 ut
638 1715 768 1773 ambiguum
788 1715 877 1772 vitetur,
898 1723 920 1760 et

126 1799 184 1847 retii
198 1803 295 1863 capiatur
305 1803 379 1848 locus:
397 1803 411 1848 i.
421 1818 440 1848 e.
451 1806 468 1833 ‘⁴
481 1816 513 1848 res
528 1812 550 1848 et
563 1812 619 1849 artes
629 1806 724 1864 antiquae
733 1802 826 1850 laudis.n
860 1803 920 1850 Gra·

125 1889 168 1936 tius
179 1891 264 1954 Cyneg.
277 1903 331 1949 107.
345 1891 438 1950 gemello
447 1891 506 1938 loco:

169 2007 173 2014 ·
254 1979 311 2038 Ergo
319 1979 383 2025 illum
395 1979 472 2041 primis
481 1994 599 2026 nemorum
609 1979 648 2026 dea
658 1978 723 2028 finxit
734 1978 756 2026 in
766 1979 837 2037 annis,

253 2067 418 2129 Ausioremque
426 2069 485 2130 operi
495 2067 580 2127 dignata
590 2067 701 2114 inscribere
712 2083 800 2126 magno,

253 2155 316 2220 Jussrt
325 2157 383 2204 adite
394 2157 440 2202 suas
450 2166 472 2202 et
481 2157 571 2217 pandere
581 2156 679 2216 gentibus
689 2156 776 2203 ‘arten'

125 2243 216 2291 Tacitus
226 2245 298 2291 annal.
309 2245 341 2291 iii.
354 2259 366 2305 5
370 2261 390 2309 5.
408 2245 456 2291 Nec
467 2245 543 2292 omnia
552 2243 608 2306 apud
619 2244 699 2307 priores
709 2244 809 2299 meliora3
824 2242 858 2290 sed
868 2259 920 2314 nosf

122 2344 156 2380 tta
166 2350 252 2396 quoque
262 2344 313 2380 atas
323 2335 395 2380 multa
404 2333 473 2380 laudis
485 2344 507 2380 et
518 2337 525 2366 ‘
531 2335 627 2380 artrum’
639 2333 745 2380 imitanda
755 2334 842 2395 posteris
851 2335 917 2381 tulit:

123 2422 140 2468 i.
151 2438 173 2468 e.
190 2423 272 2470 multas
281 2433 336 2470 artes
345 2423 472 2470 laudabiles:
491 2438 543 2469 nam
554 2425 622 2481 locus,
629 2425 630 2430 ’
638 2423 676 2484 qui
690 2419 761 2484 primi
776 2421 846 2470 fronte
857 2423 920 2471 vide·

124 2520 173 2558 atur
187 2511 300 2568 adversari,
317 2509 408 2573 penitids
424 2511 530 2573 inspeslus
546 2511 746 2573 interpretationem
762 2513 857 2559 nostram
873 2513 918 2560 sta·

124 2599 180 2646 bilit.
212 2599 290 2646 Passim
301 2599 339 2646 tibi
350 2600 449 2662 proponit
460 2601 578 2646 Maronem
588 2599 757 2661 exprimendum
767 2600 865 2648 Tacitus.

127 2681 129 2686 ¹
155 2689 210 2735 Ver.
223 2700 277 2748 322.
313 2687 418 2750 Rescripfi
434 2688 509 2734 locum
523 2685 655 2734 confidentir
670 2703 696 2734 ex
713 2685 801 2734 indubii
818 2686 917 2736 maxime

124 2772 255 2836 conjedlurd.
288 2777 379 2822 ‘Prima
393 2774 472 2836 frigora
483 2775 596 2822 autumni'
613 2777 698 2823 suntad
713 2777 785 2838 ipsum
796 2776 865 2825 finem
876 2787 921 2828 aue

123 2864 207 2920 tumui,
228 2862 290 2924 longi
309 2865 355 2927 poli
372 2865 521 2926 ‘praeteritam
539 2865 652 2922 aestatem,'
668 2863 720 2912 cim
738 2866 809 2913 hiems
827 2865 915 2915 tannim

124 2967 166 2998 non
179 2951 291 3015 inceperit.
324 2953 449 3014 Opportuni
462 2952 580 3000 obveniunt
591 2953 651 3000 nobis
661 2953 765 3001 Olidlani
776 2957 856 3012 versus,
873 2963 914 3004 art.
941 2945 944 2952 ⁴

123 3055 167 3086 am.
178 3041 203 3086 ii.
223 3052 277 3102 3¹5·
647 3051 649 3058 ·
