2194 3584
144 203 233 270 v.97.
449 201 548 262 rra.
588 201 643 260 nr.
908 207 947 272 aa

146 353 278 430 Frigidus
290 353 326 414 in·
336 357 480 418 Venerem
493 358 597 428 senior,
617 357 776 434 hostiaque
788 356 915 416 laborem

145 455 298 532 Ingratum
305 458 394 518 trahit
398 485 407 532 i
421 469 460 529 el,
468 461 612 537 srqnando
619 462 656 521 ad
662 459 763 536 proelia
771 468 890 518 ventum
898 461 948 530 est,

146 557 190 616 Ut
203 561 350 634 quondam
363 561 395 621 in
408 561 516 640 stipulis
533 582 656 640 magnus
669 563 729 648 fine
741 562 849 620 viribus
861 561 948 638 ignis,

145 661 290 719 localium
301 663 383 724 furit.
416 667 495 743 Ergo
507 666 618 728 animos
631 684 782 740 aevumque
795 665 909 724 notabis

145 763 291 841 Praecipue
296 789 305 836 3
327 766 397 826 hinc
410 767 479 826 alias
493 769 570 839 artis,
583 769 753 845 prolemque
764 777 927 844 parentum,
942 779 945 784 '
975 763 977 767 ’

144 866 184 924 Et
197 866 263 941 quis
276 867 381 944 cuique
394 870 475 929 dolor
487 871 572 940 viiio,
592 891 656 947 quae
669 871 760 948 gloria
773 871 887 946 palmae.

144 969 254 1030 Nonne
266 969 355 1039 vides,
368 990 459 1048 quum
472 973 613 1049 praeeipiti
625 973 781 1032 certamine
794 993 943 1050 campum

145 1071 334 1148 Conripuere‚
353 1085 499 1150 ruuntque
511 1075 593 1134 effusi
605 1095 717 1134 carcere
731 1095 828 1134 currus
832 1101 841 1147 5

146 1173 250 1235 Quum
260 1175 321 1252 spes
330 1177 450 1236 adrehlae
456 1177 606 1254 juvenum,
615 1178 844 1254 exsultantiaque
852 1177 948 1238 haurit

146 1277 241 1340 Corda
253 1297 341 1354 pavor
352 1279 482 1354 pulsans?
504 1281 548 1338 illi
559 1280 665 1340 instant
677 1283 792 1340 verbere
805 1291 890 1350 torto,
919 1301 920 1304 ¹

146 1381 185 1438 Et
197 1380 281 1457 proni
294 1382 365 1438 dant
377 1381 462 1464 lora:¹
473 1382 551 1442 volat
563 1383 594 1440 vi
607 1382 732 1440 fervidus
746 1383 819 1443 axis:

146 1485 271 1561 Jamque
283 1483 418 1554 humiles,
434 1483 554 1562 jamque
566 1485 636 1546 elati
648 1484 770 1546 sublime
784 1485 917 1544 videntur
964 1542 966 1546 .

146 1587 224 1644 Ae'ra
238 1605 290 1664 per
302 1606 427 1648 vacuum
439 1588 518 1658 ferri,
532 1597 619 1664 atque
632 1588 783 1663 adsurgere
793 1587 825 1646 in
838 1603 940 1646 auras·

146 1689 213 1748 Nec
227 1705 317 1759 mora,
337 1709 390 1748 nec
404 1692 516 1766 requies
521 1715 530 1762 5
552 1701 582 1748 at
595 1691 683 1748 fulvae
696 1690 811 1751 nimbus
824 1709 916 1763 aqeuae

147 1791 286 1863 Tollitur3
307 1791 481 1850 humescunt
499 1792 606 1868 spumis
623 1793 751 1868 flatuque
764 1792 947 1867 sequentum:
1044 1779 1047 1784 ¹

147 1894 259 1952 Tantus
272 1913 352 1954 amor
364 1895 494 1963 laudum,
515 1904 601 1954 tantae
614 1894 654 1952 est
666 1893 782 1953 viiiotia
796 1897 885 1958 curae!

184 1998 300 2068 ‘Primus
313 1997 518 2057 Erichthonius
531 2016 629 2054 currus
641 2006 671 2054 et
684 2006 806 2076 quatuor
818 1995 901 2056 ausus

147 2100 275 2176 Jungere
288 2119 386 2176 equos,
406 2099 577 2176 rapidusque
588 2099 658 2156 rotis
670 2098 794 2157 infistere
806 2099 905 2184 ¹vilior.

148 2201 239 2260 Frena
254 2201 431 2274 Pelethronii
445 2201 577 2278 Lapithae
591 2220 731 2278 gyrosque
745 2201 848 2258 dedere

148 2304 268 2380 Inposrti
282 2303 373 2375 dorso,
394 2314 481 2380 atque
494 2303 622 2379 equitem
635 2304 756 2360 docuere
769 2302 821 2366 sub
834 2302 919 2364 armis

144 2407 289 2466 Insultare
302 2407 372 2475 solo,
391 2417 422 2466 et
435 2407 541 2484 gressus
559 2406 716 2482 glomerare
728 2405 871 2482 superbos.

148 2509 265 2586 AEquus
278 2518 401 2584 uterque
411 2510 510 2580 ¹lubor3
525 2527 607 2584 aeque
615 2506 810 2584 juvenemque
822 2509 950 2584 magistri

148 2612 323 2688 Exquirunt,
336 2611 522 2688 calidumque
534 2610 649 2679 animis,
662 2620 691 2668 et
703 2610 830 2671 cursibus
841 2623 948 2680 acrem3

150 2714 294 2780 Quamvis
308 2714 381 2791 saepe
394 2713 465 2792 fugi
478 2712 571 2772 versos
584 2712 634 2770 ille
647 2713 739 2788 egerit
751 2712 847 2780 hostis,

151 2817 187 2874 Et
199 2816 324 2894 patriam
338 2816 460 2893 Epirum
472 2815 587 2884 referat,
606 2807 745 2890 ¹fortisque
758 2815 907 2890 Mycenas,
986 2805 989 2810 ¹

150 2919 340 2996 Neptunique
352 2919 414 2994 ipsa
427 2917 551 2978 deducat
562 2917 674 2993 origine
688 2926 814 2993 gentem.

158 3072 163 3094 ‚¹
189 3021 245 3078 His
265 3020 475 3089 animadversis,
495 3019 602 3080 instant
614 3018 666 3076 sub
680 3029 802 3096 tempus,
815 3029 846 3076 et
858 3017 952 3083 omnis

152 3124 414 3200 lnpeoduutcuras
426 3120 515 3183 denso
528 3121 685 3183 distendere
697 3120 810 3198 pingui,
