2194 3584
335 223 648 286 ncnoaaix.
850 237 887 290 aa
1002 191 1007 202 ’

340 702 565 765 ECLOGA
603 704 656 765 IX.

409 930 575 984 MOERIS.

357 1127 500 1171 nemas.
522 1128 635 1171 noenls.

422 1301 567 1342 numnis.

91 1375 172 1438 Ono
204 1389 242 1452 te,
263 1380 361 1454 Moeri,
385 1386 487 1460 pedes?
521 1404 568 1457 an,
594 1403 651 1460 qno
672 1381 719 1441 via
744 1381 833 1453 ducit,
858 1380 891 1440 in

174 1471 295 1544 mnan?

438 1607 553 1648 umam.
650 1639 651 1648 ,

90 1688 122 1746 O
135 1685 260 1765 Lycida,
280 1687 339 1748 vivi
351 1691 540 1775 pervenixnuq
560 1692 667 1748 advena
679 1689 775 1760 nolui,

92 1791 190 1848 Quod
203 1807 362 1866 numquam
373 1793 459 1866 ueriti
472 1792 575 1872 sumus,
595 1771 629 1849 ut
641 1791 773 1868 poffelsor
785 1788 873 1867 agelli

22 1911 23 1920 ¹
91 1892 228 1959 Diceret,
248 1894 319 1950 Haec
332 1909 395 1950 mea
409 1893 486 1951 sunt:
509 1903 617 1952 veteres
631 1893 754 1968 migrate
766 1891 871 1948 coloni.

91 1993 189 2050 Nunc
202 1991 280 2062 vicli,
300 1993 384 2052 tristia
397 1994 534 2071 quoniam
546 1997 613 2054 Fors
625 1994 721 2054 onmia
733 1993 834 2061 versat,

92 2096 162 2154 Hos
175 2095 220 2152 illi
235 2097 326 2172 (quod
338 2115 390 2154 nec
404 2099 477 2156 bene
490 2097 596 2172 vertat)
610 2096 752 2156 mittimus
765 2096 870 2154 haedos.

375 2183 376 2186 Ἴ
424 2218 569 2262 Lucinas.
865 2221 867 2226 ·

91 2303 186 2358 Certe
199 2299 334 2378 equidem
347 2301 500 2370 audieram,
514 2301 571 2377 qui
584 2301 612 2358 se
625 2299 780 2360 subducere
793 2300 879 2358 colles

91 2402 258 2478 Incipiunt,
279 2403 417 2478 mollique
425 2402 530 2480 jugum
544 2384 694 2460 demictere
707 2403 791 2473 clivo,

90 2505 200 2580 Usque
213 2506 249 2562 ad
261 2523 375 2580 aquam,
388 2515 418 2562 et
430 2514 547 2575 veteres,
555 2503 617 2580 jam
630 2505 719 2562 fracia
732 2503 891 2583 camnine,

177 2607 269 2683 fagos,

91 2709 209 2768 Omnia
221 2709 395 2768 carminibus
408 2711 530 2769 vestrum
543 2709 659 2776 servalse
672 2709 836 2767 Menalcan.

440 2831 555 2870 ntnnn.
760 2885 762 2892 y

91 2913 250 2985 Audieras,
272 2915 391 2972 etfama
404 2913 477 2985 fuiq
499 2914 546 2971 sed
558 2911 684 2982 carmina
698 2917 813 2970 tantum

92 3016 205 3074 Nostra
217 3015 322 3084 valent,
336 3008 453 3094 Lycida,
467 3016 524 3072 tela
536 3015 612 3074 inter
624 3013 740 3082 Martia,
753 3018 893 3088 quantum

96 3117 245 3178 Chaonias
258 3118 369 3192 dicunt,
388 3117 484 3195 aquili
495 3117 638 3189 veniente,
659 3115 814 3204 columbas,
845 3156 869 3206 .'

487 3237 508 3275 υ
