2208 3574
161 180 221 246 264
301 217 304 224 ·
399 185 724 276 mnemon⁴
842 182 960 239 vzaaa·

166 337 298 396 Insanum
312 345 408 396 vatem
420 339 565 416 adspicies,
583 359 649 416 quae
661 357 731 415 rupe
743 337 796 394 sub
807 335 867 404 ima
954 334 962 392 ..ἶ

164 439 233 498 Fata
246 439 333 510 canit,
353 441 487 516 foliisque
500 451 590 510 notas,
610 451 640 500 et
651 441 778 508 nomina,
791 439 925 496 mandat.
953 475 957 480 -

166 542 364 618 Quaecumque
377 541 409 600 in
421 543 498 600 foliis
511 543 655 620 descripsit
667 541 794 600 carmina
808 541 898 616 virgo,

164 641 280 718 Digerit
288 643 319 700 in
331 662 491 714 numerum,
502 654 588 720 atque
598 653 680 702 antro
689 643 794 701 seclusa
804 640 962 718 relinquit:

165 745 219 821 illa
232 754 350 802 manent
363 745 471 804 inmota
484 747 562 816 locis,
576 765 668 822 neque
681 747 717 803 ab
730 744 830 802 ordine
842 745 963 802 cedunt.

165 845 276 903 Verum
287 847 397 914 eadem,
411 847 490 905 verso
503 849 595 906 tenuis
608 866 699 923 quum
712 846 826 904 cardine
839 853 939 902 ventus

164 947 285 1023 Inpulit,
306 956 336 1004 et
349 956 457 1006 teneras
471 949 595 1007 turbavit
603 947 691 1024 janna
705 948 821 1016 frondis,

165 1049 336 1124 Numquam
348 1049 452 1106 deinde
465 1069 535 1108 cavo
547 1050 694 1108 volitantia
714 1050 852 1126 prendere
864 1035 940 1118 saxo,

169 1150 234 1207 Nec
247 1169 377 1214 revocare
389 1150 465 1219 titus,
485 1160 534 1208 aut
544 1149 665 1226 jungere
677 1150 803 1208 carmina
816 1159 905 1208 curat.

167 1251 325 1308 Inconsulti
339 1253 454 1320 abeunt,
474 1252 623 1326 sedemque
637 1253 721 1310 odere
735 1251 859 1327 Sibyllae.

167 1351 226 1410 Hic
239 1352 294 1410 tibi
307 1371 343 1410 ne
356 1372 412 1428 qua
424 1371 511 1410 morae
523 1353 632 1412 fuerint
642 1353 791 1429 dispendia
804 1352 886 1421 tanti,

169 1454 310 1520 Quamvis
322 1453 496 1529 increpitent
508 1455 577 1512 socii
589 1465 619 1512 et
631 1455 660 1512 vi
672 1453 766 1512 rursus
778 1454 810 1511 in
823 1455 915 1512 altum

168 1556 241 1613 Vela
254 1564 364 1624 vocent,
384 1556 522 1632 poffisque
535 1555 609 1614 smus
622 1555 730 1632 inplere
742 1557 892 1624 secundom

170 1657 253 1714 Quin
267 1659 348 1714 adeas
361 1668 464 1726 vatem,
484 1658 670 1734 precibusque
682 1658 794 1716 oracula
808 1657 904 1734 poscas

168 1759 232 1834 Ipsa
244 1767 336 1827 canat,
349 1778 505 1834 vocemque
517 1760 623 1828 volens,
635 1768 729 1834 *atque
742 1779 799 1842 ora,
815 1757 948 1818 resolvat.

169 1863 222 1920 Illa
236 1861 291 1918 tibi
304 1861 395 1918 Italiae
407 1861 534 1936 populos,
556 1871 730 1938 venturaque
743 1861 827 1930 bella,

170 1965 218 2034 Et,
237 1983 294 2039 quo
307 1981 449 2040 quemque
466 1963 552 2020 modo
570 1963 719 2040 fugiasque
737 1963 866 2040 ferasque
883 1964 961 2022 labo*

247 2083 317 2134 rem,

172 2165 327 2242 Expediet3
348 2165 499 2241 cursusque
513 2165 592 2224 dabit
604 2173 737 2224 venerata
751 2165 897 2224 secundos.
959 2187 960 2194 ¹

172 2267 244 2340 Haec
258 2267 332 2334 sunt,
352 2287 415 2342 quae
427 2267 519 2325 nostri
531 2267 615 2324 liceat
628 2276 656 2324 te
669 2286 738 2326 voce
748 2269 866 2326 moneri.
887 2250 890 2254 ⁵
955 2305 957 2312 ,

172 2369 254 2436 Vade
264 2387 325 2445 age,
336 2377 366 2426 et
372 2368 521 2444 ingentem
533 2368 615 2436 fatiis
624 2369 668 2426 fer
678 2370 714 2426 ad
725 2367 961 2446 aetheraTrojamt

213 2472 288 2528 Quae
300 2470 447 2546 postquam
460 2477 538 2526 vates
552 2470 588 2526 src
600 2489 650 2528 ore
662 2469 764 2528 effatus
777 2471 868 2530 amico
883 2473 931 2540 est,

172 2574 258 2632 Dona
271 2571 383 2642 dehinc,
404 2589 472 2628 auro
485 2571 591 2646 gravia,
612 2570 742 2647 settoque
755 2573 916 2650 elephanto,
952 2613 961 2646 ς

173 2677 298 2750 Imperat
311 2675 347 2730 ad
360 2673 441 2730 navis
454 2671 530 2740 ferri,
551 2672 688 2748 stipatque
701 2674 802 2732 carinis

172 2776 279 2853 Ingens
292 2783 452 2852 argentum,
472 2775 687 2850 Dodonaeosque
699 2775 815 2846 lebetas,

173 2877 313 2946 Loricam,
333 2875 490 2933 consertam
502 2875 593 2934 hamis
606 2895 730 2952 auroque
743 2879 876 2949 trilicem,

173 2977 212 3032 Et
225 2995 330 3034 conum
342 2975 460 3052 infignis
472 2977 568 3052 galeae,
588 2977 741 3053 cristasque
754 2982 902 3049 comantis,

174 3077 475 3155 ArmaxNeoptolemi:
497 3077 606 3142 suntet
618 3077 667 3138 sua
680 3080 753 3152 dona
765 3081 891 3158 parenti:
952 3132 953 3136 ,
1036 3063 1038 3067 ’
