2194 3584
21 253 188 317 ,aa
346 223 725 310 ueroeam
873 247 911 300 π

112 398 168 455 Vn
192 400 287 476 gregis
316 401 375 476 ipse
404 417 487 476 caper
519 401 706 468 deerraverat5
734 403 820 470 atque
856 413 910 472 ego
1017 425 1020 432 ·

193 501 333 577 Daphnin

113 602 267 678 Adspicio:
290 602 347 674 ille,
361 604 412 661 ubi
423 623 470 661 me
483 612 581 661 contra
593 602 686 672 videt,
701 600 798 669 Ocius,
808 599 911 675 inquit,

113 704 184 761 Huc
196 706 272 773 adeo,
293 724 311 762 o
322 705 472 762 Meliboee!
494 721 578 780 caper
590 703 643 760 tibi
655 703 754 770 salvus,
774 711 803 758 et
816 700 909 758 haedi:
960 713 961 717 ’

114 806 162 874 Et,
184 807 204 862 fi
220 807 290 882 quid
302 808 403 864 ceffare
415 819 503 883 potes,
523 805 667 883 requiesce
680 805 731 862 sub
743 805 854 862 umbra.

114 907 185 964 Huc
196 908 248 982 ipfi
261 918 362 984 potum
374 909 491 966 venient
504 927 555 984 per
564 917 645 984 prata
653 905 782 982 juvenci:

114 1011 176 1068 Hic
189 1009 287 1068 viridis
301 1012 397 1068 teneri
410 1012 540 1087 praetexit
554 1011 692 1068 arundine
705 1009 780 1086 ripas

116 1112 256 1183 Mincius,
277 1131 350 1187 eque
363 1113 440 1170 sacri
452 1113 584 1170 resonant
595 1113 727 1169 examina
741 1129 856 1186 quercu.

118 1214 202 1276 Quid
215 1214 355 1272 facerem?
377 1233 468 1290 neque
481 1233 536 1290 ego
547 1213 700 1290 Alcippen,
713 1231 766 1274 nec
776 1212 917 1288 Phyllida,

198 1317 349 1386 habebam,

118 1418 260 1494 Depulsos
274 1437 289 1474 a
303 1418 374 1475 lac‘te
388 1418 466 1476 domi
480 1437 543 1493 quae
556 1418 700 1476 clauderet
712 1437 818 1496 agnos;

118 1521 309 1578 Etcertamen
319 1530 387 1590 erat,
396 1521 530 1596 Corydon
539 1519 761 1596 cumThyrfide‚
770 1531 916 1596 magnum.
992 1513 995 1522 ’

120 1622 272 1679 Posthabui
285 1605 381 1679 tamen
393 1621 509 1679 illonrm
520 1641 583 1679 mea
597 1622 665 1679 seria
679 1622 758 1680 ludo.

119 1723 250 1780 Alternis
261 1723 352 1799 igitur
364 1724 537 1780 contendere
550 1723 673 1780 versibus
686 1725 774 1780 ambo

121 1826 256 1900 Coepere:
279 1825 402 1882 alternos
414 1825 506 1881 Musae
519 1824 676 1896 meminiise
690 1825 834 1882 volebant.

120 1928 184 1984 Hos
197 1928 342 2002 Corydon,
362 1926 425 1983 illos
437 1926 575 1984 referebat
588 1927 619 1984 in
633 1925 732 1983 ordine
743 1926 867 2002 Thyrsrs.

441 2046 600 2086 conrnon.

121 2129 278 2205 Nymphae,
312 2129 403 2187 noster
434 2147 521 2198 amor,
556 2128 743 2199 Libethrides,
763 2137 814 2187 aut
846 2129 918 2188 mihi

201 2250 325 2302 carmen,
397 2279 398 2284 ,

124 2333 220 2390 Quale
233 2351 299 2390 meo
312 2334 416 2403 Codro,
436 2332 602 2402 concedite,
623 2333 753 2418 pronima
767 2334 866 2392 Phoebi

121 2435 256 2491 Versibus
269 2433 318 2490 ille
331 2434 401 2490 facit
408 2458 416 2504 3
438 2441 499 2502 aut,
521 2434 541 2490 fi
554 2451 611 2490 non
624 2434 766 2508 poffumus
778 2455 885 2507 omnes,

122 2535 181 2592 Hic
195 2545 295 2611 arguta
307 2534 383 2592 sacra
395 2533 532 2610 pendebit
545 2533 637 2590 fistula
649 2529 730 2609 pinu.

455 2653 595 2693 namara.

123 2740 254 2809 Pastooes,
275 2739 359 2796 ederi
372 2739 543 2796 crescentem
556 2747 653 2795 ornate
664 2740 788 2814 poetam,
906 2745 907 2749 ’

122 2843 257 2910 Arcades,
279 2839 386 2898 invidia
400 2849 566 2916 rumpantur
578 2849 612 2897 ut
624 2840 673 2897 ilia
686 2841 794 2898 Codro:

45 3020 53 3032 Ι
121 2945 195 3012 Aut,
216 2942 236 2999 fi
249 2943 323 3000 ultra
334 2941 472 3019 placitum
484 2943 613 3012 laudarit,
634 2944 750 3001 baccare
762 2944 887 3006 frontem

26 3053 31 3065 ’
122 3044 250 3124 Cingite,
271 3063 307 3102 ne
317 3044 376 3107 vati
391 3051 491 3102 noceat
503 3043 577 3103 mala
589 3043 687 3120 lingua
700 3045 807 3104 futuro.v
