2194 3584
253 583 283 643 P.
315 581 544 645 VIRGILII
583 587 814 654 MARONIS
927 623 937 643 ι

293 750 763 870 enoneleon

349 1031 474 1114 mnan
496 1067 720 1128 sneunnus,

387 1353 672 1395 *-

329 1595 647 1656 GEORGICON
686 1597 726 1657 ΙΙ.

128 1767 316 1850 Haemus
331 1809 463 1851 arvorum
477 1793 580 1866 cultus,
594 1803 624 1852 et
637 1793 725 1853 fidera
738 1792 819 1866 coeli;

126 1896 269 1966 Nunc'te‚
281 1897 402 1968 Bacche,
417 1917 527 1970 canam,
544 1917 598 1957 nec
611 1917 669 1958 non
683 1891 815 1972 filvestria
829 1907 925 1956 tenum

125 1999 272 2076 Virgulta,
291 2009 321 2056 et
333 2000 444 2076 prolem
462 2002 542 2058 tarde
554 2000 704 2059 crescentis
716 1989 808 2066 olinae.
930 2059 932 2066 ,

125 2103 205 2173 Huc,
224 2113 335 2180 patero
348 2103 464 2162 Lenaee!
486 2103 543 2160 tuis
556 2104 603 2162 hic
617 2102 715 2162 omnia
728 2103 813 2182 plena

125 2205 313 2264 Muneribus:
335 2205 390 2263 tibi
403 2205 555 2283 pampineo
568 2206 701 2283 gravidus
713 2207 867 2291 anetqmno

125 2309 222 2367 Floret
233 2327 310 2384 ager,
330 2307 443 2385 spumat
455 2307 547 2386 plenis
560 2308 705 2366 vindemia
718 2309 817 2366 labris:

125 2412 203 2482 Huc,
223 2420 335 2488 patero
348 2411 464 2468 Lenaeel
486 2411 567 2482 veni3
589 2411 754 2488 nudataque
767 2411 859 2475 musto

126 2513 242 2591 Tingue
255 2533 329 2572 novo
342 2531 458 2570 mecum
470 2513 595 2590 dereptis
608 2531 689 2570 crura
702 2513 862 2572 cothurnis.

165 2616 318 2694 Principio,
338 2614 484 2673 arboribus
499 2614 576 2672 van'a
588 2615 628 2671 est
641 2623 742 2672 natura
755 2615 897 2674 creandis:

124 2719 262 2796 Namque
275 2719 348 2789 aliae,
369 2717 456 2774 nullis
468 2716 621 2774 hominum
631 2716 810 2792 cogentibus,
823 2716 891 2794 ipsae

8 2802 17 2902 ,Ι
125 2825 232 2900 Sponte
245 2821 295 2880 sua
307 2821 437 2889 veniunt,
457 2839 628 2898 camposque
641 2829 672 2878 et
684 2819 805 2878 flumina
818 2821 877 2901 late

9 2941 10 2962 ³
124 2929 220 2986 Curva
234 2935 347 2984 tenent:
370 2933 405 2982 ut
417 2925 505 2982 molle
520 2923 593 2994 filet,
612 2923 754 3001 lentaeque
773 2923 902 3014 genestae,

8 3041 10 3094 ἐ
122 3031 256 3108 Populus,
277 3038 307 3088 et
320 3028 422 3106 glauca
434 3027 567 3085 canentia
577 3027 679 3086 fronde
692 3026 798 3098 falieta.

122 3135 188 3194 Pars
202 3141 299 3194 autem
310 3131 401 3210 pofito
414 3129 537 3208 surgunt
550 3130 585 3190 de
598 3129 721 3192 semine:
743 3139 777 3189 ut
790 3130 855 3190 altae
930 3207 935 3213 ι
