2194 3584
47 219 49 226 ·
166 229 206 297 92
401 205 762 294 ouoac1con,'
855 231 962 284 voss.

166 380 285 438 Arboris
297 381 421 440 obnixus
433 391 546 452 trunco,
558 391 716 458 ventosque
727 375 835 440 laceffit
871 397 872 406 ¹
896 451 899 460 y

164 483 283 551 Ictibus,
303 493 333 540 et
345 484 438 562 sparso
451 487 487 542 ad
499 501 628 563 pugnam
640 485 766 562 proludit
778 485 872 542 areni.

165 586 236 655 Post,
256 587 306 643 ubi
320 587 481 644 conleclum
494 590 589 655 robur,
601 589 732 664 viresque
744 587 866 655 refectae,

167 687 254 764 Signa
263 697 368 758 movet,
376 707 558 766 praecepsque
565 689 690 747 oblitum
698 690 828 747 ferturin
838 689 962 748 hostem:

167 792 281 850 Fluc'tus
294 792 348 861 uti,
367 793 462 850 medio
475 793 563 869 coepit
575 811 671 868 quum
681 791 820 850 albescere
832 803 931 870 ponto,

166 896 295 972 Longius
308 915 345 953 ex
357 895 473 971 altoque
486 896 579 952 finum
593 895 695 967 trahit5
716 905 817 970 utque,
830 897 944 955 volutus

166 999 215 1057 Ad
229 1007 324 1068 terras,
344 999 460 1056 inmane
472 998 553 1055 sonat
564 1015 615 1076 per
627 997 703 1064 saxa,
723 1016 817 1073 neque
829 997 892 1074 ipso

166 1102 270 1159 Monte
282 1101 377 1159 minor
389 1100 552 1177 procumbit
557 1125 566 1172 3
587 1111 617 1157 at
630 1098 688 1156 ima
700 1099 835 1156 exaestuat
846 1101 924 1158 unda

165 1204 338 1272 Vorticibus,
351 1203 529 1280 nigramque
542 1203 600 1260 alte
612 1200 750 1278 subjectat
763 1221 887 1260 arenam.

205 1306 302 1364 Omne
319 1307 391 1364 adeo
409 1325 498 1382 genus
511 1305 543 1362 in
557 1305 646 1376 terris,
667 1305 875 1382 hominumque
888 1307 962 1365 fera·

259 1447 263 1460 ,
283 1427 414 1483 rumque,
452 1455 454 1460 Α

165 1513 204 1570 Et
217 1531 307 1589 genus
318 1525 481 1587 aequoreum
493 1511 625 1588 pecudes,
645 1509 785 1588 pictaeque
797 1511 933 1582 volucres,
1042 1505 1043 1513 ’

165 1617 207 1673 In·
213 1615 301 1673 furias
313 1614 469 1691 ignemque
482 1624 583 1671 ruunt=
605 1633 685 1672 amor
697 1615 831 1674 omnibus
843 1616 932 1675 idem.

163 1719 307 1795 Tempore
320 1717 456 1788 nonalio,
477 1716 639 1774 catulorum
650 1717 749 1788 oblita,
769 1719 859 1777 leaena

164 1821 269 1879 Saevior
281 1820 385 1878 erravit
397 1819 506 1896 campis
510 1843 519 1891 3
540 1837 594 1876 nec
607 1819 709 1878 funera
721 1820 807 1897 volgo

162 1925 239 1982 Tam
251 1925 340 1982 multa
353 1924 491 1980 informes
503 1923 558 1980 urfi
571 1924 748 2000 stragemque
761 1925 864 1982 dedere

163 2028 217 2085 Per
229 2027 323 2085 silvas:
346 2035 409 2084 tum
422 2025 510 2083 saevus
524 2045 599 2102 aper,
620 2035 685 2083 tum
699 2026 815 2111 peffima
829 2027 925 2105 tigris:

162 2130 245 2188 Heu!
269 2129 344 2186 male
358 2138 420 2186 tum
435 2128 534 2204 Libyae
545 2127 612 2186 solis
624 2137 735 2186 erratur
746 2129 778 2186 in
792 2121 876 2206 agnis.

161 2233 270 2291 Nonne
283 2231 371 2300 vides,
391 2240 423 2288 ut
437 2240 497 2288 tota
511 2239 616 2288 tremor
628 2239 772 2307 pertentet
784 2251 923 2308 equorum

163 2335 299 2411 Corpora,
314 2334 335 2390 fi
348 2341 461 2390 tantum
475 2340 558 2391 notas
569 2334 640 2390 odor
653 2333 757 2391 adtulit
770 2338 869 2392 auras?

162 2437 209 2496 Ac
220 2455 313 2512 nequo
322 2454 370 2494 eos
376 2433 437 2512 jam
447 2435 527 2492 faena
535 2433 639 2504 virum,
650 2454 744 2510 nequo
752 2439 868 2496 verbera
879 2436 961 2507 saeva,

154 2541 233 2598 'Non
240 2539 347 2616 scopuli
358 2555 497 2614 rupesque
505 2556 590 2604 cavae,
601 2547 688 2612 atque
696 2536 805 2614 objecta
815 2542 961 2599 retardant

32 2673 39 2694 .
161 2643 303 2711 Flumina,
323 2644 527 2717 conceptosque
540 2639 618 2696 unda
631 2641 910 2724 torquentiapontis.

161 2747 225 2824 Ipse
237 2745 297 2804 ruit
309 2745 461 2820 dentisque
474 2743 628 2802 Sabellicus
641 2746 755 2802 exacuit
767 2745 822 2815 sus,

160 2851 199 2908 Et
211 2850 285 2926 pede
297 2846 457 2926 prosubigit
470 2855 584 2914 terram,
604 2845 690 2904 fricat
703 2850 802 2906 arbore
815 2850 902 2908 costas

161 2953 261 3028 Atque
281 2951 351 3010 hinc
364 2959 452 3027 atque
472 2947 565 3018 illinc,
586 2947 776 3032 humerosque
791 2953 961 3012 advulnera

239 3055 332 3112 durat.

160 3155 243 3215 Quid
250 3155 373 3235 juvenis,
385 3175 525 3236 magnum
537 3154 585 3214 cui
596 3154 688 3228 versat
700 3155 732 3214 iu
745 3157 849 3221 ollibus
861 3157 959 3236 iguem
