2194 3584
199 209 238 262 22
441 203 747 274 Buconica,
903 209 996 260 aar.

198 353 298 429 AEgle,
320 354 468 413 Naiadum
481 356 685 433 pulcherrima,
703 353 820 431 jamque
832 351 946 411 videnti

200 455 369 532 sanguineis
382 456 509 516 frontem
521 458 609 516 moris
621 466 650 514 et
665 465 793 532 tempora
804 453 911 531 pingit.

196 556 262 624 Ille,
282 557 380 615 dolum
392 558 496 630 ridens,
519 561 587 618 Quo
600 558 714 618 vincula
727 555 859 614 neffitis?
880 553 993 631 inquit:

199 659 307 716 Solvite
320 679 376 730 me,
396 660 493 736 pueri,
515 659 581 718 satis
594 660 634 717 est
646 657 767 736 potuisse
778 656 878 746 rideri.

199 759 345 830 Carmina,
366 780 430 836 quae
443 761 538 830 vultis,
558 760 733 838 cognoscite5
755 758 881 817 carmina
893 756 985 827 vobis,

199 862 279 919 Huic
292 862 371 919 aliud
384 864 522 920 mercedis
533 863 598 922 erit.
639 862 730 919 Simul
743 860 847 936 incipit
859 859 929 936 ipse.

200 965 279 1022 Tum
289 982 357 1022 vero
367 963 399 1022 in
412 984 563 1024 numerum
572 965 738 1038 Faunosque
748 963 877 1038 ferasque
886 961 999 1020 videres

198 1067 319 1136 Ludere,
340 1073 403 1125 tum
416 1066 523 1142 rigidas
535 1075 645 1124 motare
658 1064 807 1124 cacumina
820 1082 951 1140 quercus.

197 1169 263 1226 Nec
277 1177 391 1226 tontum
403 1169 509 1228 Phoebo
522 1171 629 1245 gaudet
642 1167 770 1226 Parnasia
782 1186 866 1244 rupes
873 1193 882 1238 5

196 1271 261 1328 Nec
275 1279 388 1332 tantum
397 1270 534 1346 Rhodope
546 1270 687 1328 mirantur
699 1279 729 1328 et
738 1268 861 1328 Ismarus
868 1269 996 1346 Orphea.

236 1373 371 1448 Namque
384 1374 513 1439 canebat,
525 1362 573 1431 uti
583 1391 722 1448 magnum
734 1371 886 1448 perinane
899 1373 997 1429 coacta

198 1474 313 1532 Semina
327 1483 522 1549 terrarumque
535 1474 696 1550 animaeque
714 1473 856 1550 marisque
868 1473 996 1543 fuissent,

198 1577 237 1632 Et
250 1576 354 1651 liquidi
368 1576 450 1634 simul
463 1577 553 1652 ignis:
577 1577 665 1633 uthis
677 1576 794 1634 exordia
807 1576 905 1653 primia

199 1677 316 1746 Omnia,
336 1686 366 1735 et
378 1677 438 1754 ipse
450 1687 529 1736 tener
541 1678 644 1736 mundi
657 1677 832 1736 concreverit
844 1679 930 1736 orbiu.

199 1781 276 1837 Tum
289 1782 389 1838 durare
402 1779 503 1852 solum,
523 1787 553 1838 et
566 1780 725 1838 discludere
738 1780 834 1846 Nerea
846 1789 936 1857 ponto

179 1880 182 1884 ’
197 1882 334 1958 Ceperit,
353 1893 384 1940 et
396 1901 492 1940 rerum
503 1882 653 1959 paullatim
666 1865 776 1940 sumere
789 1882 910 1940 formas:

197 1986 320 2060 Jamque
333 2003 438 2042 novum
453 1993 533 2042 terrae
547 1984 677 2060 stupeant
689 1983 830 2041 lucescere
843 1983 942 2053 solem,

195 2085 294 2144 Altius
307 2095 393 2162 atque
405 2086 508 2143 cadant
521 2085 660 2143 submotis
673 2085 798 2144 nubibus
810 2085 916 2144 imbres
921 2108 932 2144 .:

198 2187 346 2263 Incipient
358 2187 434 2246 silvae
446 2207 536 2263 quum
545 2187 672 2264 primum
685 2187 808 2264 surgere,
821 2206 968 2264 quumque

196 2289 271 2346 Rara
284 2307 334 2364 per
346 2289 460 2365 ignotos
473 2297 568 2346 errent
580 2288 716 2347 animalia
728 2289 844 2347 montis.

196 2389 277 2448 Hinc
289 2390 397 2467 lapides
410 2390 523 2467 Pyrrhae
532 2389 632 2466 jadon,
654 2390 785 2448 Saturnia
798 2410 895 2468 regna,

197 2493 400 2569 Caucasiasque
409 2495 495 2552 refert
502 2493 639 2564 volucres,
647 2495 815 2569 furtumque
820 2494 995 2554 Promethei.

196 2597 252 2654 His
265 2596 405 2675 adjungit,
426 2598 523 2673 Hylan
537 2607 634 2656 nautae
647 2615 705 2673 quo
718 2596 798 2655 sonte
810 2598 942 2656 relietum

196 2700 378 2768 Clamaffent,
398 2708 432 2757 ut
443 2700 513 2758 litus
525 2700 616 2776 Hylal
639 2699 732 2775 Hylai
754 2718 840 2758 omne
853 2700 980 2759 sonaret:

196 2803 234 2858 Et
247 2802 431 2872 fortunatam,
452 2803 473 2859 fi
487 2821 635 2878 nunquam
647 2809 777 2860 armenta
789 2802 916 2875 fuiffent,

197 2903 350 2978 Pasiphaen
360 2903 438 2961 nivei
451 2902 557 2962 solatur
568 2922 665 2966 amore
672 2901 799 2979 juvenci.

197 3004 248 3067 Ah
260 3004 341 3081 virgo
354 3004 471 3064 infelix!
494 3024 558 3081 quae
571 3014 600 3062 te
612 3005 757 3064 dementia
770 3004 864 3082 cepit?

197 3105 333 3164 Proetides
345 3106 493 3185 inplerunt
505 3106 581 3165 saliis
593 3107 752 3184 mugitibus
765 3126 862 3186 agros:
