<?xml version="1.0" encoding="UTF-8"?>
<!DOCTYPE html PUBLIC "-//W3C//DTD XHTML 1.0 Transitional//EN"
    "http://www.w3.org/TR/xhtml1/DTD/xhtml1-transitional.dtd">
<html xmlns="http://www.w3.org/1999/xhtml" xml:lang="en" lang="en">
 <head>
  <title>
</title>
<meta http-equiv="Content-Type" content="text/html;charset=utf-8" />
  <meta name='ocr-system' content='tesseract 3.04.00' />
  <meta name='ocr-capabilities' content='ocr_page ocr_carea ocr_par ocr_line ocrx_word'/>
</head>
<body>
  <div class='ocr_page' id='page_1' title='image "./pvirgiliimaroni02wakegoog/pvirgiliimaroni02wakegoog_0100.png"; bbox 0 0 2194 3584; ppageno 0'>
   <div class='ocr_carea' id='block_1_1' title="bbox 143 203 943 278">
    <p class='ocr_par' dir='ltr' id='par_1_1' title="bbox 143 203 943 278">
     <span class='ocr_line' id='line_1_1' title="bbox 143 203 943 278; baseline 0.004 -17"><span class='ocrx_word' id='word_1_1' title='bbox 143 212 250 262; x_wconf 80' lang='lat' dir='ltr'><strong>v&#39;.152.</strong></span> <span class='ocrx_word' id='word_1_2' title='bbox 396 203 403 212; x_wconf 81' lang='grc'><em>’</em></span> <span class='ocrx_word' id='word_1_3' title='bbox 445 203 544 263; x_wconf 88' lang='lat' dir='ltr'><strong>LIB.</strong></span> <span class='ocrx_word' id='word_1_4' title='bbox 584 205 638 263; x_wconf 93' lang='lat' dir='ltr'>IlI.</span> <span class='ocrx_word' id='word_1_5' title='bbox 890 209 943 278; x_wconf 79' lang='grc'>’89</span> 
     </span>
    </p>
   </div>
   <div class='ocr_carea' id='block_1_2' title="bbox 145 361 941 1468">
    <p class='ocr_par' dir='ltr' id='par_1_2' title="bbox 145 361 941 840">
     <span class='ocr_line' id='line_1_2' title="bbox 145 361 873 436; baseline 0.003 -16"><span class='ocrx_word' id='word_1_6' title='bbox 145 361 212 420; x_wconf 90' lang='lat' dir='ltr'>Hoc</span> <span class='ocrx_word' id='word_1_7' title='bbox 224 361 369 436; x_wconf 89' lang='lat' dir='ltr'>quondam</span> <span class='ocrx_word' id='word_1_8' title='bbox 383 363 507 421; x_wconf 86' lang='lat' dir='ltr'>monstro</span> <span class='ocrx_word' id='word_1_9' title='bbox 519 361 664 422; x_wconf 75' lang='lat' dir='ltr'>honibilit</span> <span class='ocrx_word' id='word_1_10' title='bbox 676 361 805 422; x_wconf 78' lang='lat' dir='ltr'>exercuit</span> <span class='ocrx_word' id='word_1_11' title='bbox 817 361 873 422; x_wconf 82' lang='lat' dir='ltr'>iras</span> 
     </span>
     <span class='ocr_line' id='line_1_3' title="bbox 145 463 885 542; baseline 0.005 -22"><span class='ocrx_word' id='word_1_12' title='bbox 145 463 272 521; x_wconf 87' lang='lat' dir='ltr'>lnachiae</span> <span class='ocrx_word' id='word_1_13' title='bbox 283 465 362 541; x_wconf 92' lang='lat' dir='ltr'>Juno</span> <span class='ocrx_word' id='word_1_14' title='bbox 374 465 481 542; x_wconf 88' lang='lat' dir='ltr'>pestem</span> <span class='ocrx_word' id='word_1_15' title='bbox 493 465 631 524; x_wconf 84' lang='lat' dir='ltr'>meditata</span> <span class='ocrx_word' id='word_1_16' title='bbox 639 464 780 542; x_wconf 86' lang='lat' dir='ltr'>juvencae.</span> <span class='ocrx_word' id='word_1_17' title='bbox 882 467 885 474; x_wconf 88' lang='lat'>&#39;</span> 
     </span>
     <span class='ocr_line' id='line_1_4' title="bbox 145 565 941 642; baseline 0.004 -18"><span class='ocrx_word' id='word_1_18' title='bbox 145 565 234 624; x_wconf 86' lang='lat' dir='ltr'>Huu&#39;c</span> <span class='ocrx_word' id='word_1_19' title='bbox 245 585 370 642; x_wconf 86' lang='lat' dir='ltr'>quoque,</span> <span class='ocrx_word' id='word_1_20' title='bbox 382 587 450 626; x_wconf 87' lang='lat' dir='ltr'>nam</span> <span class='ocrx_word' id='word_1_21' title='bbox 460 568 563 626; x_wconf 86' lang='lat' dir='ltr'>mediis</span> <span class='ocrx_word' id='word_1_22' title='bbox 576 569 734 628; x_wconf 87' lang='lat' dir='ltr'>fervoribus</span> <span class='ocrx_word' id='word_1_23' title='bbox 746 569 839 627; x_wconf 89' lang='lat' dir='ltr'>acrior</span> <span class='ocrx_word' id='word_1_24' title='bbox 848 568 941 638; x_wconf 78' lang='lat' dir='ltr'>instat,</span> 
     </span>
     <span class='ocr_line' id='line_1_5' title="bbox 146 668 849 749; baseline 0.007 -24"><span class='ocrx_word' id='word_1_25' title='bbox 146 668 266 726; x_wconf 85' lang='lat' dir='ltr'>Arcebis</span> <span class='ocrx_word' id='word_1_26' title='bbox 279 669 397 746; x_wconf 87' lang='lat' dir='ltr'>gravido</span> <span class='ocrx_word' id='word_1_27' title='bbox 408 672 513 748; x_wconf 89' lang='lat' dir='ltr'>pecori,</span> <span class='ocrx_word' id='word_1_28' title='bbox 523 693 524 700; x_wconf 51' lang='lat'>¹</span> <span class='ocrx_word' id='word_1_29' title='bbox 533 680 719 748; x_wconf 86' lang='lat' dir='ltr'>armentaque</span> <span class='ocrx_word' id='word_1_30' title='bbox 731 673 826 749; x_wconf 84' lang='lat' dir='ltr'>pasces</span> <span class='ocrx_word' id='word_1_31' title='bbox 848 691 849 696; x_wconf 50' lang='lat'>¹</span> 
     </span>
     <span class='ocr_line' id='line_1_6' title="bbox 146 771 883 840; baseline 0.004 -11"><span class='ocrx_word' id='word_1_32' title='bbox 146 771 210 829; x_wconf 86' lang='lat' dir='ltr'>Sole</span> <span class='ocrx_word' id='word_1_33' title='bbox 222 789 321 830; x_wconf 83' lang='lat' dir='ltr'>recens</span> <span class='ocrx_word' id='word_1_34' title='bbox 332 781 405 840; x_wconf 87' lang='lat' dir='ltr'>orto,</span> <span class='ocrx_word' id='word_1_35' title='bbox 425 783 476 832; x_wconf 90' lang='lat' dir='ltr'>aut</span> <span class='ocrx_word' id='word_1_36' title='bbox 487 774 600 831; x_wconf 74' lang='lat' dir='ltr'>noitem</span> <span class='ocrx_word' id='word_1_37' title='bbox 613 775 784 832; x_wconf 79' lang='lat' dir='ltr'>ducentibus</span> <span class='ocrx_word' id='word_1_38' title='bbox 797 775 883 833; x_wconf 80' lang='lat' dir='ltr'>astris.</span> 
     </span>
    </p>

    <p class='ocr_par' dir='ltr' id='par_1_3' title="bbox 146 873 920 1266">
     <span class='ocr_line' id='line_1_7' title="bbox 162 873 920 952; baseline 0.009 -22"><span class='ocrx_word' id='word_1_39' title='bbox 162 873 165 924; x_wconf 81' lang='grc' dir='ltr'>ἶ</span> <span class='ocrx_word' id='word_1_40' title='bbox 185 873 247 931; x_wconf 87' lang='lat' dir='ltr'>Post</span> <span class='ocrx_word' id='word_1_41' title='bbox 259 883 385 952; x_wconf 80' lang='lat' dir='ltr'>partum,</span> <span class='ocrx_word' id='word_1_42' title='bbox 399 894 467 934; x_wconf 86' lang='lat' dir='ltr'>cura</span> <span class='ocrx_word' id='word_1_43' title='bbox 480 875 511 934; x_wconf 90' lang='lat' dir='ltr'>in</span> <span class='ocrx_word' id='word_1_44' title='bbox 524 876 629 934; x_wconf 86' lang='lat' dir='ltr'>vitulos</span> <span class='ocrx_word' id='word_1_45' title='bbox 643 879 802 936; x_wconf 79' lang='lat' dir='ltr'>traducitur</span> <span class='ocrx_word' id='word_1_46' title='bbox 814 878 920 949; x_wconf 61' lang='lat' dir='ltr'>omnim</span> 
     </span>
     <span class='ocr_line' id='line_1_8' title="bbox 146 976 866 1056; baseline 0.006 -22"><span class='ocrx_word' id='word_1_47' title='bbox 146 976 350 1053; x_wconf 83' lang='lat' dir='ltr'>Continuoque</span> <span class='ocrx_word' id='word_1_48' title='bbox 363 986 445 1036; x_wconf 85' lang='lat' dir='ltr'>notas</span> <span class='ocrx_word' id='word_1_49' title='bbox 457 987 487 1035; x_wconf 89' lang='lat' dir='ltr'>et</span> <span class='ocrx_word' id='word_1_50' title='bbox 500 979 617 1037; x_wconf 86' lang='lat' dir='ltr'>nomina</span> <span class='ocrx_word' id='word_1_51' title='bbox 630 979 724 1056; x_wconf 83' lang='lat' dir='ltr'>gentis</span> <span class='ocrx_word' id='word_1_52' title='bbox 737 980 866 1050; x_wconf 86' lang='lat' dir='ltr'>inurunt,</span> 
     </span>
     <span class='ocr_line' id='line_1_9' title="bbox 146 1079 899 1156; baseline 0.007 -19"><span class='ocrx_word' id='word_1_53' title='bbox 146 1079 193 1148; x_wconf 89' lang='lat' dir='ltr'>Et,</span> <span class='ocrx_word' id='word_1_54' title='bbox 207 1097 279 1154; x_wconf 87' lang='lat' dir='ltr'>quos</span> <span class='ocrx_word' id='word_1_55' title='bbox 290 1088 341 1137; x_wconf 87' lang='lat' dir='ltr'>aut</span> <span class='ocrx_word' id='word_1_56' title='bbox 352 1080 449 1156; x_wconf 90' lang='lat' dir='ltr'>pecori</span> <span class='ocrx_word' id='word_1_57' title='bbox 461 1081 565 1138; x_wconf 81' lang='lat' dir='ltr'>malint</span> <span class='ocrx_word' id='word_1_58' title='bbox 577 1082 746 1140; x_wconf 83' lang='lat' dir='ltr'>submittere</span> <span class='ocrx_word' id='word_1_59' title='bbox 758 1083 899 1154; x_wconf 87' lang='lat' dir='ltr'>habendo,</span> 
     </span>
     <span class='ocr_line' id='line_1_10' title="bbox 146 1182 850 1266; baseline 0.006 -26"><span class='ocrx_word' id='word_1_60' title='bbox 146 1183 210 1240; x_wconf 88' lang='lat' dir='ltr'>Aut</span> <span class='ocrx_word' id='word_1_61' title='bbox 222 1182 277 1240; x_wconf 88' lang='lat' dir='ltr'>aris</span> <span class='ocrx_word' id='word_1_62' title='bbox 290 1182 399 1242; x_wconf 86' lang='lat' dir='ltr'>servare</span> <span class='ocrx_word' id='word_1_63' title='bbox 412 1182 512 1252; x_wconf 82' lang='lat' dir='ltr'>sacros,</span> <span class='ocrx_word' id='word_1_64' title='bbox 532 1183 724 1266; x_wconf 36' lang='lat' dir='ltr'>aut&#39;scindere</span> <span class='ocrx_word' id='word_1_65' title='bbox 736 1193 850 1254; x_wconf 89' lang='lat' dir='ltr'>terram,</span> 
     </span>
    </p>

    <p class='ocr_par' dir='ltr' id='par_1_4' title="bbox 146 1285 891 1468">
     <span class='ocr_line' id='line_1_11' title="bbox 146 1285 891 1365; baseline 0.003 -21"><span class='ocrx_word' id='word_1_66' title='bbox 146 1286 185 1344; x_wconf 88' lang='lat' dir='ltr'>Et</span> <span class='ocrx_word' id='word_1_67' title='bbox 197 1293 332 1362; x_wconf 84' lang='lat' dir='ltr'>campum</span> <span class='ocrx_word' id='word_1_68' title='bbox 344 1285 507 1344; x_wconf 81' lang='lat' dir='ltr'>horrentem</span> <span class='ocrx_word' id='word_1_69' title='bbox 520 1286 617 1345; x_wconf 76' lang='lat' dir='ltr'>fradiis</span> <span class='ocrx_word' id='word_1_70' title='bbox 630 1287 772 1346; x_wconf 86' lang='lat' dir='ltr'>invertere</span> <span class='ocrx_word' id='word_1_71' title='bbox 784 1289 891 1365; x_wconf 69' lang='lat' dir='ltr'>glebise</span> 
     </span>
     <span class='ocr_line' id='line_1_12' title="bbox 147 1387 851 1468; baseline 0.007 -23"><span class='ocrx_word' id='word_1_72' title='bbox 147 1389 250 1446; x_wconf 87' lang='lat' dir='ltr'>Cetera</span> <span class='ocrx_word' id='word_1_73' title='bbox 261 1387 416 1464; x_wconf 87' lang='lat' dir='ltr'>pascuntur</span> <span class='ocrx_word' id='word_1_74' title='bbox 427 1389 526 1446; x_wconf 83' lang='lat' dir='ltr'>viridis</span> <span class='ocrx_word' id='word_1_75' title='bbox 539 1400 667 1448; x_wconf 88' lang='lat' dir='ltr'>armenta</span> <span class='ocrx_word' id='word_1_76' title='bbox 679 1409 730 1468; x_wconf 83' lang='lat' dir='ltr'>per</span> <span class='ocrx_word' id='word_1_77' title='bbox 741 1393 851 1450; x_wconf 84' lang='lat' dir='ltr'>herbas.</span> 
     </span>
    </p>
   </div>
   <div class='ocr_carea' id='block_1_3' title="bbox 146 1493 1063 1572">
    <p class='ocr_par' dir='ltr' id='par_1_5' title="bbox 146 1493 1063 1572">
     <span class='ocr_line' id='line_1_13' title="bbox 146 1493 1063 1572; baseline 0.003 -22"><span class='ocrx_word' id='word_1_78' title='bbox 146 1493 203 1562; x_wconf 92' lang='lat' dir='ltr'>Tu,</span> <span class='ocrx_word' id='word_1_79' title='bbox 211 1493 325 1569; x_wconf 88' lang='lat' dir='ltr'>quosad</span> <span class='ocrx_word' id='word_1_80' title='bbox 333 1493 642 1570; x_wconf 88' lang='lat' dir='ltr'>studiumatqueusum</span> <span class='ocrx_word' id='word_1_81' title='bbox 650 1495 786 1553; x_wconf 85' lang='lat' dir='ltr'>formabis</span> <span class='ocrx_word' id='word_1_82' title='bbox 794 1495 970 1572; x_wconf 78' lang='lat' dir='ltr'>agrestem·</span> <span class='ocrx_word' id='word_1_83' title='bbox 1060 1506 1063 1516; x_wconf 84' lang='grc'><em>“</em></span> 
     </span>
    </p>
   </div>
   <div class='ocr_carea' id='block_1_4' title="bbox 144 1593 908 1880">
    <p class='ocr_par' dir='ltr' id='par_1_6' title="bbox 144 1593 908 1880">
     <span class='ocr_line' id='line_1_14' title="bbox 146 1593 884 1676; baseline 0 -21"><span class='ocrx_word' id='word_1_84' title='bbox 146 1599 212 1676; x_wconf 89' lang='lat' dir='ltr'>Jam</span> <span class='ocrx_word' id='word_1_85' title='bbox 225 1597 329 1654; x_wconf 82' lang='lat' dir='ltr'>vitulos</span> <span class='ocrx_word' id='word_1_86' title='bbox 341 1597 465 1663; x_wconf 85' lang='lat' dir='ltr'>hortarc,</span> <span class='ocrx_word' id='word_1_87' title='bbox 477 1597 612 1672; x_wconf 88' lang='lat' dir='ltr'>viamque</span> <span class='ocrx_word' id='word_1_88' title='bbox 625 1597 719 1654; x_wconf 88' lang='lat' dir='ltr'>iufiste</span> <span class='ocrx_word' id='word_1_89' title='bbox 731 1593 884 1667; x_wconf 58' lang='lat' dir='ltr'>domandi</span> 
     </span>
     <span class='ocr_line' id='line_1_15' title="bbox 146 1697 908 1777; baseline 0 -18"><span class='ocrx_word' id='word_1_90' title='bbox 146 1701 228 1760; x_wconf 89' lang='lat' dir='ltr'>Dum</span> <span class='ocrx_word' id='word_1_91' title='bbox 240 1699 339 1757; x_wconf 83' lang='lat' dir='ltr'>faciles</span> <span class='ocrx_word' id='word_1_92' title='bbox 350 1699 438 1757; x_wconf 89' lang='lat' dir='ltr'>animi</span> <span class='ocrx_word' id='word_1_93' title='bbox 449 1697 600 1777; x_wconf 86' lang='lat' dir='ltr'>juvenum,</span> <span class='ocrx_word' id='word_1_94' title='bbox 620 1700 691 1758; x_wconf 92' lang='lat' dir='ltr'>dum</span> <span class='ocrx_word' id='word_1_95' title='bbox 703 1699 818 1758; x_wconf 82' lang='lat' dir='ltr'>mobilia</span> <span class='ocrx_word' id='word_1_96' title='bbox 831 1709 908 1762; x_wconf 81' lang='lat' dir='ltr'>aetas.</span> 
     </span>
     <span class='ocr_line' id='line_1_16' title="bbox 144 1800 799 1880; baseline -0.003 -18"><span class='ocrx_word' id='word_1_97' title='bbox 144 1805 193 1862; x_wconf 82' lang='lat' dir='ltr'>Ac</span> <span class='ocrx_word' id='word_1_98' title='bbox 205 1803 333 1880; x_wconf 89' lang='lat' dir='ltr'>primum</span> <span class='ocrx_word' id='word_1_99' title='bbox 344 1801 424 1860; x_wconf 84' lang='lat' dir='ltr'>laxos</span> <span class='ocrx_word' id='word_1_100' title='bbox 437 1802 517 1859; x_wconf 90' lang='lat' dir='ltr'>tenui</span> <span class='ocrx_word' id='word_1_101' title='bbox 530 1801 566 1859; x_wconf 92' lang='lat' dir='ltr'>de</span> <span class='ocrx_word' id='word_1_102' title='bbox 577 1800 687 1860; x_wconf 88' lang='lat' dir='ltr'>vimine</span> <span class='ocrx_word' id='word_1_103' title='bbox 699 1801 799 1860; x_wconf 81' lang='lat' dir='ltr'>circlos</span> 
     </span>
    </p>
   </div>
   <div class='ocr_carea' id='block_1_5' title="bbox 40 1903 815 1992">
    <p class='ocr_par' dir='ltr' id='par_1_7' title="bbox 40 1903 815 1992">
     <span class='ocr_line' id='line_1_17' title="bbox 40 1903 815 1992; baseline -0.004 -27"><span class='ocrx_word' id='word_1_104' title='bbox 40 1982 44 1992; x_wconf 27' lang='grc'>1</span> <span class='ocrx_word' id='word_1_105' title='bbox 148 1906 261 1964; x_wconf 86' lang='lat' dir='ltr'>Cervici</span> <span class='ocrx_word' id='word_1_106' title='bbox 274 1905 420 1962; x_wconf 75' lang='lat' dir='ltr'>subnedie:</span> <span class='ocrx_word' id='word_1_107' title='bbox 443 1903 557 1972; x_wconf 89' lang='lat' dir='ltr'>dehinc,</span> <span class='ocrx_word' id='word_1_108' title='bbox 577 1903 629 1962; x_wconf 91' lang='lat' dir='ltr'>ubi</span> <span class='ocrx_word' id='word_1_109' title='bbox 642 1905 731 1962; x_wconf 88' lang='lat' dir='ltr'>libera</span> <span class='ocrx_word' id='word_1_110' title='bbox 744 1905 815 1963; x_wconf 86' lang='lat' dir='ltr'>colla</span> 
     </span>
    </p>
   </div>
   <div class='ocr_carea' id='block_1_6' title="bbox 139 2005 934 2703">
    <p class='ocr_par' dir='ltr' id='par_1_8' title="bbox 147 2005 806 2084">
     <span class='ocr_line' id='line_1_18' title="bbox 147 2005 806 2084; baseline -0.002 -17"><span class='ocrx_word' id='word_1_111' title='bbox 147 2008 268 2068; x_wconf 85' lang='lat' dir='ltr'>Servitio</span> <span class='ocrx_word' id='word_1_112' title='bbox 281 2006 434 2076; x_wconf 82' lang='lat' dir='ltr'>adfuerint,</span> <span class='ocrx_word' id='word_1_113' title='bbox 454 2005 520 2084; x_wconf 86' lang='lat' dir='ltr'>ipsrs</span> <span class='ocrx_word' id='word_1_114' title='bbox 532 2025 549 2064; x_wconf 90' lang='lat' dir='ltr'>e</span> <span class='ocrx_word' id='word_1_115' title='bbox 562 2005 712 2083; x_wconf 88' lang='lat' dir='ltr'>torquibus</span> <span class='ocrx_word' id='word_1_116' title='bbox 725 2017 806 2084; x_wconf 82' lang='lat' dir='ltr'>aptos</span> 
     </span>
    </p>

    <p class='ocr_par' dir='ltr' id='par_1_9' title="bbox 147 2109 934 2291">
     <span class='ocr_line' id='line_1_19' title="bbox 147 2109 934 2191; baseline 0.001 -21"><span class='ocrx_word' id='word_1_117' title='bbox 147 2115 243 2191; x_wconf 84' lang='lat' dir='ltr'>Junge</span> <span class='ocrx_word' id='word_1_118' title='bbox 256 2129 344 2188; x_wconf 84' lang='lat' dir='ltr'>pares,</span> <span class='ocrx_word' id='word_1_119' title='bbox 365 2119 395 2168; x_wconf 87' lang='lat' dir='ltr'>et</span> <span class='ocrx_word' id='word_1_120' title='bbox 407 2129 478 2186; x_wconf 89' lang='lat' dir='ltr'>coge</span> <span class='ocrx_word' id='word_1_121' title='bbox 491 2110 613 2186; x_wconf 85' lang='lat' dir='ltr'>gradum</span> <span class='ocrx_word' id='word_1_122' title='bbox 625 2109 755 2168; x_wconf 84' lang='lat' dir='ltr'>conferre</span> <span class='ocrx_word' id='word_1_123' title='bbox 763 2109 914 2188; x_wconf 66' lang='lat' dir='ltr'>juvencum</span> <span class='ocrx_word' id='word_1_124' title='bbox 931 2111 934 2116; x_wconf 70' lang='lat'>&#39;</span> 
     </span>
     <span class='ocr_line' id='line_1_20' title="bbox 147 2211 819 2291; baseline -0.003 -18"><span class='ocrx_word' id='word_1_125' title='bbox 147 2218 248 2291; x_wconf 86' lang='lat' dir='ltr'>Atque</span> <span class='ocrx_word' id='word_1_126' title='bbox 259 2213 317 2271; x_wconf 81' lang='lat' dir='ltr'>illie</span> <span class='ocrx_word' id='word_1_127' title='bbox 326 2211 387 2290; x_wconf 90' lang='lat' dir='ltr'>jam</span> <span class='ocrx_word' id='word_1_128' title='bbox 400 2211 473 2288; x_wconf 83' lang='lat' dir='ltr'>saepe</span> <span class='ocrx_word' id='word_1_129' title='bbox 485 2221 554 2269; x_wconf 88' lang='lat' dir='ltr'>rotae</span> <span class='ocrx_word' id='word_1_130' title='bbox 567 2213 708 2270; x_wconf 86' lang='lat' dir='ltr'>ducantur</span> <span class='ocrx_word' id='word_1_131' title='bbox 720 2213 819 2271; x_wconf 87' lang='lat' dir='ltr'>inanes</span> 
     </span>
    </p>

    <p class='ocr_par' dir='ltr' id='par_1_10' title="bbox 139 2314 901 2703">
     <span class='ocr_line' id='line_1_21' title="bbox 148 2314 901 2394; baseline 0.001 -18"><span class='ocrx_word' id='word_1_132' title='bbox 148 2321 202 2376; x_wconf 88' lang='lat' dir='ltr'>Per</span> <span class='ocrx_word' id='word_1_133' title='bbox 215 2328 329 2385; x_wconf 87' lang='lat' dir='ltr'>terram,</span> <span class='ocrx_word' id='word_1_134' title='bbox 348 2325 378 2374; x_wconf 90' lang='lat' dir='ltr'>et</span> <span class='ocrx_word' id='word_1_135' title='bbox 391 2315 503 2374; x_wconf 90' lang='lat' dir='ltr'>summo</span> <span class='ocrx_word' id='word_1_136' title='bbox 516 2314 634 2392; x_wconf 86' lang='lat' dir='ltr'>vestigia</span> <span class='ocrx_word' id='word_1_137' title='bbox 646 2316 763 2393; x_wconf 88' lang='lat' dir='ltr'>pulvere</span> <span class='ocrx_word' id='word_1_138' title='bbox 776 2317 901 2394; x_wconf 76' lang='lat' dir='ltr'>signent:</span> 
     </span>
     <span class='ocr_line' id='line_1_22' title="bbox 139 2419 853 2496; baseline -0.003 -15"><span class='ocrx_word' id='word_1_139' title='bbox 139 2422 220 2491; x_wconf 65' lang='lat' dir='ltr'>eost,</span> <span class='ocrx_word' id='word_1_140' title='bbox 232 2420 327 2479; x_wconf 87' lang='lat' dir='ltr'>valido</span> <span class='ocrx_word' id='word_1_141' title='bbox 340 2419 434 2477; x_wconf 83' lang='lat' dir='ltr'>nitens</span> <span class='ocrx_word' id='word_1_142' title='bbox 445 2419 498 2477; x_wconf 87' lang='lat' dir='ltr'>sub</span> <span class='ocrx_word' id='word_1_143' title='bbox 509 2419 644 2496; x_wconf 86' lang='lat' dir='ltr'>pondere,</span> <span class='ocrx_word' id='word_1_144' title='bbox 664 2419 778 2496; x_wconf 84' lang='lat' dir='ltr'>faginus</span> <span class='ocrx_word' id='word_1_145' title='bbox 791 2421 853 2479; x_wconf 82' lang='lat' dir='ltr'>axia</span> 
     </span>
     <span class='ocr_line' id='line_1_23' title="bbox 140 2521 866 2600; baseline -0.004 -16"><span class='ocrx_word' id='word_1_146' title='bbox 140 2525 297 2600; x_wconf 87' lang='lat' dir='ltr'>-Instrepat,</span> <span class='ocrx_word' id='word_1_147' title='bbox 316 2533 346 2581; x_wconf 89' lang='lat' dir='ltr'>et</span> <span class='ocrx_word' id='word_1_148' title='bbox 355 2522 470 2600; x_wconf 67' lang='lat' dir='ltr'>junctos</span> <span class='ocrx_word' id='word_1_149' title='bbox 481 2531 560 2580; x_wconf 87' lang='lat' dir='ltr'>temo</span> <span class='ocrx_word' id='word_1_150' title='bbox 573 2521 667 2580; x_wconf 88' lang='lat' dir='ltr'>trahat</span> <span class='ocrx_word' id='word_1_151' title='bbox 679 2541 768 2580; x_wconf 81' lang='lat' dir='ltr'>aereus</span> <span class='ocrx_word' id='word_1_152' title='bbox 780 2523 866 2582; x_wconf 84' lang='lat' dir='ltr'>orbis.</span> 
     </span>
     <span class='ocr_line' id='line_1_24' title="bbox 147 2623 855 2703; baseline -0.004 -17"><span class='ocrx_word' id='word_1_153' title='bbox 147 2629 260 2686; x_wconf 78' lang='lat' dir='ltr'>Interea</span> <span class='ocrx_word' id='word_1_154' title='bbox 273 2626 344 2703; x_wconf 91' lang='lat' dir='ltr'>pubi</span> <span class='ocrx_word' id='word_1_155' title='bbox 356 2625 505 2683; x_wconf 77' lang='lat' dir='ltr'>indomitre</span> <span class='ocrx_word' id='word_1_156' title='bbox 518 2643 575 2682; x_wconf 89' lang='lat' dir='ltr'>non</span> <span class='ocrx_word' id='word_1_157' title='bbox 589 2623 718 2700; x_wconf 83' lang='lat' dir='ltr'>gramina</span> <span class='ocrx_word' id='word_1_158' title='bbox 732 2633 855 2696; x_wconf 89' lang='lat' dir='ltr'>tantum,</span> 
     </span>
    </p>
   </div>
   <div class='ocr_carea' id='block_1_7' title="bbox 148 2725 931 2901">
    <p class='ocr_par' dir='ltr' id='par_1_11' title="bbox 148 2725 931 2901">
     <span class='ocr_line' id='line_1_25' title="bbox 148 2725 931 2803; baseline -0.003 -14"><span class='ocrx_word' id='word_1_159' title='bbox 148 2731 213 2789; x_wconf 90' lang='lat' dir='ltr'>Nec</span> <span class='ocrx_word' id='word_1_160' title='bbox 226 2729 320 2788; x_wconf 89' lang='lat' dir='ltr'>vescas</span> <span class='ocrx_word' id='word_1_161' title='bbox 329 2727 448 2786; x_wconf 90' lang='lat' dir='ltr'>salicum</span> <span class='ocrx_word' id='word_1_162' title='bbox 461 2727 584 2795; x_wconf 87' lang='lat' dir='ltr'>frondes,</span> <span class='ocrx_word' id='word_1_163' title='bbox 602 2725 757 2803; x_wconf 87' lang='lat' dir='ltr'>ulvamque</span> <span class='ocrx_word' id='word_1_164' title='bbox 768 2728 931 2803; x_wconf 80' lang='lat' dir='ltr'>palustrem,</span> 
     </span>
     <span class='ocr_line' id='line_1_26' title="bbox 149 2823 913 2901; baseline -0.004 -16"><span class='ocrx_word' id='word_1_165' title='bbox 149 2829 203 2886; x_wconf 86' lang='lat' dir='ltr'>Sed</span> <span class='ocrx_word' id='word_1_166' title='bbox 216 2827 359 2885; x_wconf 87' lang='lat' dir='ltr'>frumenta</span> <span class='ocrx_word' id='word_1_167' title='bbox 373 2843 462 2883; x_wconf 90' lang='lat' dir='ltr'>manu</span> <span class='ocrx_word' id='word_1_168' title='bbox 475 2824 658 2901; x_wconf 69' lang='lat' dir='ltr'>carpensem·</span> <span class='ocrx_word' id='word_1_169' title='bbox 693 2823 757 2882; x_wconf 89' lang='lat' dir='ltr'>Nec</span> <span class='ocrx_word' id='word_1_170' title='bbox 769 2823 824 2882; x_wconf 92' lang='lat' dir='ltr'>tibi</span> <span class='ocrx_word' id='word_1_171' title='bbox 837 2824 913 2895; x_wconf 80' lang='lat' dir='ltr'>fetae,</span> 
     </span>
    </p>
   </div>
   <div class='ocr_carea' id='block_1_8' title="bbox 149 2926 953 3007">
    <p class='ocr_par' dir='ltr' id='par_1_12' title="bbox 149 2926 953 3007">
     <span class='ocr_line' id='line_1_27' title="bbox 149 2926 953 3007; baseline -0.004 -18"><span class='ocrx_word' id='word_1_172' title='bbox 149 2931 234 2990; x_wconf 88' lang='lat' dir='ltr'>More</span> <span class='ocrx_word' id='word_1_173' title='bbox 247 2937 371 3007; x_wconf 88' lang='lat' dir='ltr'>patrum,</span> <span class='ocrx_word' id='word_1_174' title='bbox 385 2927 468 2986; x_wconf 86' lang='lat' dir='ltr'>nivea</span> <span class='ocrx_word' id='word_1_175' title='bbox 481 2926 636 3004; x_wconf 86' lang='lat' dir='ltr'>inplebunt</span> <span class='ocrx_word' id='word_1_176' title='bbox 647 2926 810 2984; x_wconf 71' lang='lat' dir='ltr'>mulctraria</span> <span class='ocrx_word' id='word_1_177' title='bbox 822 2945 925 2998; x_wconf 85' lang='lat' dir='ltr'>vaccae,</span> <span class='ocrx_word' id='word_1_178' title='bbox 950 2991 953 2998; x_wconf 17' lang='grc' dir='ltr'><strong><em>Δ</em></strong></span> 
     </span>
    </p>
   </div>
   <div class='ocr_carea' id='block_1_9' title="bbox 55 3029 810 3098">
    <p class='ocr_par' dir='ltr' id='par_1_13' title="bbox 55 3029 810 3098">
     <span class='ocr_line' id='line_1_28' title="bbox 55 3029 810 3098; baseline -0.005 -6"><span class='ocrx_word' id='word_1_179' title='bbox 55 3091 58 3098; x_wconf 85' lang='grc'><em>,</em></span> <span class='ocrx_word' id='word_1_180' title='bbox 107 3057 110 3066; x_wconf 75' lang='grc'><strong>’</strong></span> <span class='ocrx_word' id='word_1_181' title='bbox 149 3034 204 3091; x_wconf 86' lang='lat' dir='ltr'>Sed</span> <span class='ocrx_word' id='word_1_182' title='bbox 219 3041 277 3090; x_wconf 87' lang='lat' dir='ltr'>tota</span> <span class='ocrx_word' id='word_1_183' title='bbox 289 3032 320 3090; x_wconf 92' lang='lat' dir='ltr'>in</span> <span class='ocrx_word' id='word_1_184' title='bbox 334 3031 427 3090; x_wconf 90' lang='lat' dir='ltr'>dulcis</span> <span class='ocrx_word' id='word_1_185' title='bbox 438 3029 609 3088; x_wconf 86' lang='lat' dir='ltr'>consument</span> <span class='ocrx_word' id='word_1_186' title='bbox 619 3029 707 3086; x_wconf 87' lang='lat' dir='ltr'>ubera</span> <span class='ocrx_word' id='word_1_187' title='bbox 720 3037 810 3088; x_wconf 78' lang='lat' dir='ltr'>natos.</span> 
     </span>
    </p>
   </div>
   <div class='ocr_carea' id='block_1_10' title="bbox 164 3113 925 3212">
    <p class='ocr_par' dir='ltr' id='par_1_14' title="bbox 164 3113 925 3212">
     <span class='ocr_line' id='line_1_29' title="bbox 164 3113 925 3212; baseline 0.001 -19"><span class='ocrx_word' id='word_1_188' title='bbox 164 3113 166 3118; x_wconf 34' lang='lat'>⁵</span> <span class='ocrx_word' id='word_1_189' title='bbox 190 3135 238 3193; x_wconf 87' lang='lat' dir='ltr'>Sin</span> <span class='ocrx_word' id='word_1_190' title='bbox 252 3137 288 3195; x_wconf 89' lang='lat' dir='ltr'>ad</span> <span class='ocrx_word' id='word_1_191' title='bbox 301 3135 375 3194; x_wconf 90' lang='lat' dir='ltr'>bella</span> <span class='ocrx_word' id='word_1_192' title='bbox 387 3133 480 3212; x_wconf 81' lang='lat' dir='ltr'>magio</span> <span class='ocrx_word' id='word_1_193' title='bbox 493 3132 618 3192; x_wconf 80' lang='lat' dir='ltr'>ttudiun</span> <span class='ocrx_word' id='word_1_194' title='bbox 631 3140 796 3208; x_wconf 84' lang='lat' dir='ltr'>turmasque</span> <span class='ocrx_word' id='word_1_195' title='bbox 807 3131 925 3206; x_wconf 82' lang='lat' dir='ltr'>feroces,</span> 
     </span>
    </p>
   </div>
   <div class='ocr_carea' id='block_1_11' title="bbox 0 0 1107 3584">
    <p class='ocr_par' dir='ltr' id='par_1_15' title="bbox 0 0 1107 3584">
     <span class='ocr_line' id='line_1_30' title="bbox 0 0 1107 3584; baseline 0 0"><span class='ocrx_word' id='word_1_196' title='bbox 0 0 1107 3584; x_wconf 95' lang='lat' dir='ltr'> </span> 
     </span>
    </p>
   </div>
  </div>
 </body>
</html>
