2236 3584
183 249 239 314 172
417 242 746 304 cArAnncrA.
911 259 979 311 aa.

179 398 279 458 Victor
286 398 370 470 adest,
384 397 483 475 magni
492 417 632 475 magnum
639 399 724 458 decus
731 401 811 458 eccel
826 401 978 482 triumphi,

217 502 324 573 Victor,
345 501 401 578 qud
413 509 504 572 terrae,
517 501 630 577 quaque
641 511 742 580 patent
754 504 858 576 maria3

91 677 92 681 ἵ
178 605 301 664 Horrida
314 604 466 662 barbaricae
477 613 592 681 portans
604 605 726 682 infignia
736 626 850 684 pugnae,

215 709 342 794 Magnus
354 717 388 766 ut
400 707 534 776 OEnides,
553 719 643 786 utque
656 709 790 786 superbus
803 713 890 788 Eryx.

177 813 209 872 N
210 831 242 870 ec
248 811 349 891 'minus
361 811 467 868 idcirco
480 810 586 870 nostros
595 805 765 890 ‘expromere
778 822 879 872 cantus

214 915 370 984 Maximus,
391 922 420 970 et
432 913 540 971 raneos
553 915 657 992 dignus
668 915 744 974 inire
757 917 868 976 choros.

175 1021 241 1078 Hoc
252 1019 349 1094 itaque
361 1016 479 1074 insuetis
487 1016 579 1094 jactor
591 1017 691 1094 magis,
712 1019 830 1096 optime,
850 1019 939 1078 curiae

215 1121 296 1180 Quid
310 1121 346 1178 de
358 1128 387 1176 te
398 1119 500 1196 poffim
511 1118 640 1190 scribere,
660 1121 766 1198 quidve
781 1121 845 1180 tibi.

174 1226 318 1300 Namque,
337 1223 449 1281 fatebor
460 1222 548 1292 enim,
568 1243 632 1299 quae
644 1224 770 1284 maxima
784 1226 944 1284 deterrendi

211 1326 330 1397 Debuit,
349 1325 482 1383 hortandi
493 1325 619 1383 maxima
632 1327 724 1385 caussa
737 1327 804 1386 fuit.

102 1413 105 1418 Δ
147 1475 153 1483 .
172 1433 263 1490 Pauca
276 1438 326 1486 tua
338 1428 370 1485 in
382 1428 486 1486 nostras
498 1436 639 1486 venerunt
651 1429 777 1488 carmina
790 1431 910 1502 chartae

210 1532 347 1591 Carmina
358 1551 426 1589 cum
437 1531 546 1607 lingua,
567 1539 630 1587 turn
644 1530 709 1603 sale,
729 1533 883 1609 Cecropia:

172 1636 316 1707 Carmina,
336 1651 401 1711 quae
414 1633 536 1710 Pylium,
556 1632 644 1690 saeclu
656 1635 775 1712 adcepta
787 1635 901 1705 futuris,

210 1738 354 1807 Carmina,
373 1757 437 1814 quae
449 1736 562 1813 Pylium
575 1736 691 1794 vincere
704 1737 791 1814 digua
804 1737 909 1797 senem.

169 1843 298 1914 Molliter
309 1841 358 1900 hic
370 1839 456 1898 viridi
467 1839 572 1916 patulae
584 1838 637 1896 sub
650 1839 777 1916 tegmine
790 1841 909 1916 quercus

207 1944 307 2003 Moeris
319 1945 441 2021 pastores
453 1951 483 2000 et
496 1942 650 2001 Meliboeus
663 1951 758 2014 erant3

167 2047 272 2106 Dulcia
280 2046 418 2122 janantes
431 2045 542 2104 alterno
554 2044 681 2103 carmina
693 2045 783 2116 versu,

207 2150 313 2208 Qualia
325 2147 481 2206 Trinacriae
494 2149 592 2206 donus
607 2157 684 2206 amat
692 2147 813 2226 juvenis.

167 2253 307 2311 Certatim
319 2254 458 2310 ornabant
470 2270 567 2310 omnes
579 2253 707 2310 Heroida
720 2251 795 2323 divi;
857 2241 860 2246 ¹

205 2355 346 2414 Certatim
358 2355 440 2424 divae,
460 2373 578 2412 munere
591 2373 711 2431 quaeque
723 2355 783 2413 suo.

166 2459 290 2518 Felicem
303 2466 370 2516 ante
382 2457 450 2515 alias
464 2466 544 2516 tanto
557 2457 691 2534 scriptore
702 2457 841 2535 puellam!

203 2562 304 2620 Altera
317 2579 375 2617 non
388 2555 583 2618 fama'dixerit
595 2559 650 2617 esse
662 2559 756 2636 prior:
855 2583 857 2587 ·

164 2663 196 2723 N
197 2683 234 2723 on
246 2664 305 2735 illa,
325 2663 517 2740 Hesperidum
529 2663 561 2720 ni
573 2681 691 2720 munere
704 2670 787 2739 capta
800 2662 904 2734 fuisset,

203 2769 279 2825 Quae
291 2767 435 2826 volucrem
446 2767 529 2824 cursu
541 2767 648 2825 vicerat
661 2766 887 2842 Hippomenem5

163 2870 292 2929 Candida
305 2889 411 2947 cycneo
424 2888 483 2928 non
495 2869 572 2928 edita
584 2869 724 2945 Tyndaris
737 2889 804 2942 ov03

201 2972 271 3031 Non
284 2972 382 3051 supero
394 2973 507 3049 fulgens
520 2971 663 3049 Cassropea
675 2972 753 3048 polo:

161 3075 245 3146 Non,
260 3075 377 3134 defensa
387 3075 439 3134 diu
450 3076 598 3134 volucrum
606 3075 764 3134 'certamine
777 3093 924 3150 equorum,

199 3176 347 3255 Optabant
359 3178 453 3238 Graiae
466 3181 564 3256 quam,‘
581 3176 634 3238 fibi
650 3177 779 3256 quiaque,
798 3197 913 3251 manum
