2194 3584
159 249 250 302 mo.
343 239 617 300 neuneu
655 240 739 298 vm.
817 213 844 221 ”
916 247 955 310 29

162 393 301 472 conjugis
313 394 434 471 indigno
446 396 526 454 Nisae
538 397 672 473 deceptus
684 413 780 452 amore

162 499 243 554 Dum
256 516 367 574 queror,
381 508 411 556 et
423 499 511 568 divos,
525 517 699 575 quamquam
711 497 754 554 nil
768 496 884 554 testibus
896 494 955 556 illis

162 600 283 670 Prosoci,
303 600 432 658 extremi
440 600 564 658 moriens
577 610 673 658 tamen
687 600 822 675 adloquor
835 599 916 660 hori.
948 603 951 620 ⁸

187 697 302 778 'Incipe
314 703 464 761 Maenalios
477 723 600 773 mecum,
620 723 682 761 mea
697 703 777 773 tibia,
797 701 902 760 versus.

74 801 78 814 '
163 805 306 862 Maenalus
319 815 509 882 argutumque
522 824 631 877 nemus,
651 805 789 880 pinosque
802 803 954 880 loquentis,

164 908 280 982 Semper
291 906 390 977 habet3
413 907 523 982 semper
531 907 673 982 pastomm
686 906 736 964 ille
748 905 829 962 audit
836 925 954 976 amores,

164 1009 305 1084 Panaque,
325 1009 376 1084 qui
387 1009 496 1084 primus
508 1009 631 1066 calamos
644 1027 701 1065 non
715 1009 806 1085 passus
819 1007 928 1065 inertis.

164 1109 264 1188 Incipe
278 1111 428 1168 Maenalios
439 1129 562 1180 mecum,
582 1129 646 1168 mea
659 1110 739 1180 tibia,
753 1109 857 1168 versus.

164 1211 268 1288 Mopso
281 1212 352 1270 Nisa
365 1213 461 1270 datur:
484 1213 554 1288 quid
566 1231 624 1270 non
637 1210 779 1288 speremue
791 1214 934 1270 amantes?

164 1315 329 1390 Jungentur
336 1313 397 1390 jam
410 1313 532 1390 gryphes
545 1313 638 1390 equis5
660 1333 776 1389 aevoque
789 1313 918 1389 sequenti

166 1417 242 1478 Cum
254 1417 372 1474 canibus
385 1416 481 1474 timidi
494 1415 610 1474 venient
623 1417 659 1472 ad
670 1417 772 1492 pocula
784 1417 885 1474 damae.

165 1517 277 1594 Mopse,
298 1537 384 1575 novas
398 1519 494 1575 incide
506 1518 599 1575 faces:
622 1517 677 1574 tibi
690 1517 805 1574 ducitur
816 1535 898 1576 uxor.

141 1597 146 1610 ²
165 1621 279 1696 Sparge,
287 1619 398 1687 marite,
407 1639 506 1677 nuces:
521 1619 577 1676 tibi
584 1618 686 1676 deserit
693 1619 835 1696 Hesperus
843 1619 958 1678 OEtarn.

164 1721 265 1798 Incipe
277 1722 565 1790 Maenulio'smecum‚
585 1740 648 1778 mea
662 1721 742 1789 tibia,
762 1720 867 1780 versus,
951 1732 962 1742 '¹

165 1823 195 1880 Ο
207 1823 296 1898 digno
308 1821 458 1898 conjuncta
470 1823 548 1880 viros
570 1823 640 1879 dum
653 1821 772 1897 despicis
784 1822 886 1893 omnis,

165 1925 301 2000 Dumque
314 1925 369 1982 tibi
381 1925 421 1980 est
431 1923 498 1982 odio
509 1943 573 1982 mea
581 1924 682 1993 fistula,
696 1926 821 2000 dumque
834 1926 960 2002 capellae,

165 2027 377 2102 Hirsutumque
389 2025 581 2102 supercilium,
602 2026 789 2102 promissaque
802 2028 904 2098 barba;

87 2129 89 2132 ’
165 2128 231 2186 Nec
243 2147 341 2185 curare
354 2127 441 2184 deum
454 2107 544 2184 credis
556 2127 690 2185 mortalia
699 2147 882 2204 quemquam.

165 2229 267 2306 Incipe
279 2229 429 2287 Maenalios
443 2247 566 2299 mecum,
587 2247 651 2286 mea
664 2229 744 2299 tibia,
764 2231 869 2290 versus.
961 2233 965 2238 ’

165 2331 293 2408 Saepibus
306 2331 337 2388 iu
350 2331 449 2388 nostris
461 2349 577 2406 parvam
590 2339 619 2387 te
631 2330 738 2388 roscida
751 2333 836 2401 mala,

165 2421 236 2490 Dux
249 2451 303 2508 ego
315 2433 404 2490 vester
416 2440 503 2501 eram,
522 2432 583 2490 vidi
595 2451 662 2490 cum
675 2443 766 2490 matre
778 2435 939 2511 legentem=
959 2443 964 2464 ·'

166 2535 252 2593 Alter
265 2535 301 2592 ab
312 2535 466 2592 undecimo
478 2543 542 2590 tum
555 2552 602 2590 me
611 2533 672 2609 jam
684 2544 798 2610 ceperat
811 2555 920 2607 annus5

167 2639 234 2714 Jam
247 2635 357 2711 fragilis
369 2643 498 2712 poteram
511 2654 532 2690 av
541 2634 615 2691 terri
626 2635 793 2711 contingere
806 2655 907 2696 ramos.

168 2739 213 2795 Ut
224 2737 294 2806 vidi,
314 2745 348 2793 ut
359 2736 442 2812 perii,
461 2745 496 2792 ut
507 2755 554 2793 me
566 2736 657 2793 malus
671 2737 786 2794 abstulit
798 2740 886 2796 error!

167 2838 268 2914 Incipe
279 2837 429 2895 Maenalios
439 2855 562 2907 mecum,
582 2855 646 2894 mea
659 2837 739 2908 tibia,
759 2838 863 2896 versus.

168 2941 258 2997 Nunc
271 2939 338 3008 scio,
357 2939 427 3015 quid
440 2939 475 2997 fit
487 2940 594 2996 Amor:
617 2939 693 2995 duris
706 2937 737 2994 in
751 2939 862 2998 cotibus
875 2941 960 3000 illum

168 3044 232 3100 Aut
242 3041 371 3113 Tmaros,
384 3050 434 3099 aut
445 3041 591 3115 Rhodope,
608 3047 657 3097 aut
671 3042 792 3100 extremi
805 3043 968 3102 Garamam·

248 3153 298 3212 tes,
