2194 3584
162 227 207 292 θα
393 221 719 291 GEORGICON,
845 221 961 293 sape,

162 374 266 446 Rexit,
280 383 315 433 ‘et
327 375 430 438 infidos
442 379 552 456 agitans
565 377 702 437 discordia
715 378 829 446 fratres,

162 477 226 542 Aut
238 476 383 555 conjuncto
396 479 566 540 descendens
579 481 675 539 Dacus
688 481 724 538 ab
737 479 834 536 Histro
838 503 846 549 ς

161 579 232 637 Non
245 581 443 652 resRomanae,
462 582 643 659 posituraque
662 600 763 658 regna:
785 599 878 656 neque
891 579 942 638 illo

162 682 225 742 Aut
238 683 330 740 doluit
343 682 476 743 miserans
488 683 614 762 inopem,
627 693 677 742 aut
688 683 793 742 invidit
804 681 932 741 habenti.

107 819 109 826 ‹
164 784 246 840 Quos
257 783 329 842 rami
342 785 458 856 fruetus,
477 805 547 861 quos
559 786 618 864 ipsa
630 786 755 845 volentia
768 803 842 853 sura,

164 886 269 962 Sponte
282 886 371 944 tulere
383 887 440 959 sua,
461 888 575 965 carpsit:
598 907 651 946 noc
663 889 752 946 ferrea
761 886 835 963 jura,

162 986 354 1063 Insanumquc
367 989 469 1058 forum,
489 999 538 1048 aut
551 991 649 1067 populi
662 989 799 1048 tabularia
811 988 894 1046 vidit.

164 1089 323 1148 sollicitant
334 1090 384 1148 alii
397 1091 482 1148 remis
494 1092 567 1150 freta
579 1111 662 1160 caeca,
682 1101 824 1166 ruuntque

164 1191 198 1249 In
211 1192 327 1261 fernnn,
347 1202 497 1269 penetrant
510 1195 595 1262 aula-s,
616 1203 645 1254 et
657 1194 758 1250 limina
772 1211 885 1268 regum3

163 1292 222 1351 Hic
233 1294 307 1370 petit
318 1295 437 1354 excidiis
449 1298 549 1354 urbem
561 1295 732 1372 miserosque
746 1294 866 1361 Penatis,

164 1395 207 1452 Ut
218 1397 334 1471 gemmd
346 1397 435 1467 bibat,
455 1407 486 1455 et
499 1399 616 1455 Sarrano
629 1396 783 1456 indormiat
795 1396 878 1454 oſtro:

164 1497 271 1555 Condit
284 1517 350 1574 opes
362 1499 442 1570 alius,
464 1499 625 1574 defossoque
638 1499 755 1556 incubat
767 1517 844 1556 auro.
956 1519 957 1522 ¹

163 1599 224 1658 Hic
231 1600 322 1678 stupet
331 1601 474 1658 adtonitus
485 1601 604 1672 liosttis3
619 1600 697 1658 hunc
704 1599 816 1678 plausus
824 1599 953 1659 hiantem

163 1703 216 1760 Per
228 1721 341 1774 cuneos,
355 1703 516 1780 geminatus
525 1703 604 1760 enim
616 1702 762 1778 plebisque
773 1711 952 1778 patrumque,

158 1803 330 1880 ‘Conn'puiti
365 1805 500 1862 Gaudent
511 1803 616 1880 perfufi
629 1803 765 1880 sanguine
776 1803 906 1874 fmtrum,

163 1905 327 1980 Exfilioque
339 1906 437 1963 domos
449 1915 479 1962 et
491 1905 586 1964 dulcia
599 1905 700 1962 limina
714 1912 837 1973 mutant,

162 2009 262 2083 Atque
275 2007 330 2066 alio
343 2008 466 2084 patriam
477 2017 608 2084 quaerunt
621 2006 674 2064 sub
686 2006 743 2064 sole
752 2005 903 2083 jacentem.

163 2109 303 2186 Agricola
312 2109 431 2168 incurvo
444 2119 547 2168 terram
562 2109 682 2168 dimovit
695 2118 803 2167 aratro:

163 2212 242 2273 Hinc
254 2212 323 2270 anni
335 2213 415 2270 labor
419 2237 428 2284 5
449 2211 517 2269 hinc
529 2222 639 2288 patrem
652 2229 806 2287 parvosque
818 2218 934 2287 nepotes

160 2313 295 2384 Sustinet,
312 2313 381 2370 hinc
392 2322 518 2370 armenta
527 2315 623 2383 boum,
632 2311 803 2387 meritosque
807 2311 952 2388 juvencos.

113 2406 116 2410 ⁴
163 2416 195 2474 N
196 2435 229 2474 ec
243 2414 361 2492 requies,
382 2413 453 2490 quin
466 2423 516 2472 aut
527 2414 620 2490 pomis
632 2416 770 2472 exuberet
783 2433 882 2482 annus,

164 2519 227 2575 Aut
239 2517 301 2574 fetu
312 2535 457 2594 pecorum,
477 2524 526 2573 aut
540 2514 664 2573 Cerealis
676 2515 797 2591 mergite
810 2515 912 2586 culmi3

165 2621 361 2694 Proventuque
374 2627 473 2675 oneret
486 2617 584 2687 sulcos,
605 2625 691 2692 atque
703 2617 802 2674 horrea
815 2616 920 2676 vincat.

163 2720 254 2778 Venit
266 2720 373 2777 hiems:
395 2719 497 2776 teritur
510 2718 640 2795 Sicyonia
653 2720 738 2776 bacca
751 2719 880 2795 trapetis,

164 2822 276 2880 Glande
289 2822 352 2879 sues
365 2821 424 2878 laeti
435 2821 570 2890 redeunt,
592 2821 661 2878 dant
673 2822 774 2878 arbuta
786 2821 873 2892 filvae3

164 2924 305 2998 Etzvarios
316 2921 398 3000 ponit
409 2923 485 2980 fetus
497 2922 680 2992 audiumnus3
702 2931 732 2978 et
743 2923 801 2980 alte

164 3025 249 3085 Mitis
260 3027 292 3084 iu
305 3025 406 3103 apricis
418 3023 551 3101 coquitur
563 3023 706 3081 vindemia
719 3021 801 3080 saxis.

164 3129 276 3198 intenes
289 3127 386 3204 dpdcos
396 3127 523 3204 pendent
535 3121 644 3183 circum
656 3123 749 3198 oscula
761 3123 836 3200 uati,
