2208 3574
200 172 260 230 226
348 261 349 270 ἵ
459 169 735 243 AENEIDOS,
883 172 995 232 MEO·

203 327 371 403 conpellare
383 327 486 396 virum,
506 335 536 384 et
547 326 657 385 maestas
666 343 831 402 expromere
843 341 939 388 vocer:

202 431 231 488 Ο
243 429 295 487 lux
308 429 471 488 Dardaniael
493 429 580 506 speso
593 429 723 488 fidiffima
736 427 894 486 Teucnirni

204 534 279 612 Quae
293 541 380 591 tantae
393 543 509 592 tenuere
520 535 622 591 morae?
644 532 747 608 quibus
759 531 864 594 Hector
876 531 913 588 ab
925 528 982 594 oria

202 634 370 712 Exspectate
383 635 476 694 venia?
497 645 531 692 ut
543 643 581 704 te,
601 635 662 710 post
673 634 764 692 multa
777 643 892 692 tuorum
969 647 975 658 ’

203 739 322 808 Funera,
336 739 396 815 post
408 737 498 796 varios
511 737 717 812 hominumque
729 737 863 811 urbisque
875 736 995 803 laborer,

203 833 320 912 Defe'ffr,
340 840 526 917 adspicimus!
548 859 612 916 quae
624 838 715 896 cauffa
728 839 848 915 indigua
864 836 981 902 serenos,

204 943 332 1004 Foedavit
344 944 454 1002 voltus?
476 952 525 1002 aut
538 961 588 1000 cur
600 943 661 1000 haec
673 942 787 1000 volnera
799 943 903 1000 cerno?¹

203 1047 258 1106 Ille
270 1047 356 1117 nihil;
378 1067 430 1105 nec
442 1066 498 1115 me,
518 1055 691 1122 quaerentem
704 1063 785 1114 vana,
805 1052 943 1102 moratur:

205 1151 268 1220 Sed,
283 1149 408 1227 graviter
418 1149 545 1227 gemitus
557 1149 616 1206 imo
629 1149 664 1206 de
675 1147 788 1226 petitore
801 1148 915 1214 ducens,

204 1255 287 1312 Heni
306 1255 384 1330 fuge,
396 1263 462 1312 nate
472 1253 534 1322 dei,
548 1261 634 1328 teque
643 1251 697 1320 his,
710 1251 759 1319 ait,
773 1249 851 1326 eripe
860 1249 993 1308 flammis.

205 1357 301 1416 Hostis
313 1357 401 1417 habet
412 1375 520 1414 muros:
543 1354 601 1414 ruit
614 1354 671 1416 alta
685 1373 701 1412 a
714 1352 839 1414 culmine
850 1351 944 1428 Troja.

205 1461 253 1532 Sat
265 1459 362 1537 patriae
375 1459 541 1535 Priamoque
555 1459 664 1516 datum.
705 1457 734 1516 si
748 1459 882 1532 Pergama
894 1455 995 1514 dextra
1099 1453 1100 1458 ’

204 1562 330 1622 Defendi
342 1562 459 1639 pulsent,
479 1562 567 1620 etiam
580 1561 634 1618 hac
646 1559 761 1618 defensa
774 1558 898 1618 fuissent.

206 1667 288 1724 Sacra
301 1665 421 1741 suosque
435 1664 489 1722 tibi
501 1665 672 1722 conmendat
685 1662 771 1738 Troja
783 1663 914 1720 Penates:

200 1747 267 1826 ¹Hos
279 1787 350 1845 cape
360 1769 486 1826 fatorum
498 1767 628 1826 comites:
651 1767 695 1824 bis
708 1765 812 1833 maenia
824 1783 928 1841 quaere,

204 1873 315 1948 Magna
327 1879 469 1950 pererrato
481 1872 582 1930 statueo
594 1889 658 1945 quae
671 1869 793 1944 denique
805 1877 911 1945 ponto„

205 1975 250 2035 Sic
263 1973 319 2038 aitr
341 1983 371 2032 et
383 1974 515 2032 manibus
528 1973 611 2032 vittas
624 1973 796 2048 Vestamque
808 1980 955 2048 potentem

204 2078 416 2152 AEternumque
429 2076 521 2151 adytis
533 2075 615 2134 effert
627 2075 817 2152 penetralibus
829 2075 939 2150 ignem.

243 2178 362 2242 Diverso
374 2179 481 2236 interea
495 2177 648 2236 miscentur
660 2179 765 2236 moenia
778 2179 872 2249 luetur

204 2283 242 2338 Et
254 2280 344 2356 magis
357 2289 441 2355 atque
454 2281 556 2356 magis,
568 2299 740 2358 quamquam
752 2282 856 2340 secreta
869 2279 997 2356 parentia

204 2382 338 2446 Anchise
350 2384 451 2440 domus
464 2384 664 2460 arboribusque
674 2385 784 2444 obtecta
797 2383 914 2453 recessit,

205 2485 340 2544 Clarescit
353 2485 470 2558 sonitus,
491 2499 690 2562 armorumque
701 2486 812 2566 ingruit
823 2486 931 2545 horror.

204 2588 341 2658 Excutior
353 2588 460 2658 somno,
479 2599 509 2646 et
520 2589 624 2668 summi
636 2590 747 2666 fastigia
760 2589 826 2648 tecti

204 2690 350 2750 Adscensu
365 2690 473 2768 supero,
492 2701 579 2767 atque
591 2693 708 2752 adrectis
721 2692 834 2752 auribus
847 2691 936 2752 adsto:

203 2793 239 2850 In
249 2793 376 2870 segetem
384 2795 475 2854 veluti
482 2813 571 2870 quum
582 2797 707 2863 flamma,
717 2795 876 2855 furentibus
887 2793 996 2866 austris

204 2895 319 2966 Incidit,
340 2907 389 2954 aut
402 2898 515 2974 rapidus
527 2907 664 2962 montano
677 2897 797 2956 flumine
810 2907 918 2960 torrens

205 2999 311 3056 Sternit
323 3018 415 3075 agros,
434 2997 532 3058 sternit
544 3001 602 3058 sata
616 3002 690 3071 laeta,
710 3003 853 3094 boumque
865 3001 983 3069 labores,

205 3100 421 3180 Praecipitesque
434 3102 631 3170 trahitfilvaa:
653 3103 744 3180 stupet
756 3101 859 3170 inscius
872 3102 934 3182 aito

1098 2537 1100 2558 t

1099 2567 1100 2592 i

1099 2945 1100 2974 i
