2236 3584
151 235 179 275 v.
191 223 258 275 ³15.
458 215 558 272 LlB.
598 213 651 274 IV.
699 215 700 220 ’
896 220 950 284 117

194 371 269 432 Quis
282 372 361 431 Deus
376 370 460 441 hanc,
477 369 579 439 Musae,
596 369 661 446 quis
676 369 758 428 nobis
776 367 891 428 extudit
907 385 952 428 er·

271 478 346 534 tem?

155 579 243 638 Unde
256 597 329 638 nova
341 578 479 654 iugrcllua
492 576 644 637 hominum
656 577 835 654 experientia
846 574 938 653 cepit?

195 683 288 740 Pastor
300 679 436 741 Aristaeu's
448 681 565 758 fugiens
579 683 683 740 Peneia
695 683 816 757 Tempe,
886 691 889 696 '

155 786 282 856 Amiffis,
302 795 337 844 ut
349 785 437 852 fama,
457 785 558 860 apibus
570 786 728 860 morboque
740 785 885 860 fameque,

156 889 255 947 Tristis
268 890 304 947 ad
317 888 439 946 extremi
451 888 563 946 sacrum
575 897 662 964 caput
674 887 782 946 adstitit
793 887 895 956 amnis,

156 993 254 1051 Multa
265 1011 395 1069 querens,
415 1001 501 1067 atque
513 992 567 1048 hac
578 991 692 1048 adfatus
704 1009 774 1048 voce
787 999 951 1066 parentem:

156 1097 263 1165 Mater,
282 1097 395 1173 Cyrene
408 1107 508 1165 mater,
531 1114 596 1170 quae
609 1093 732 1170 gurgitis
744 1091 828 1169 hujus

156 1201 219 1258 Ima
233 1208 322 1270 tenes,
341 1197 412 1274 quid
424 1217 471 1256 me
483 1197 616 1275 praeclari
629 1195 713 1272 stirpe
725 1197 853 1265 deorum,

158 1303 188 1362 si
208 1304 303 1375 modo,
330 1321 417 1380 quem
436 1302 577 1379 perhibes,
603 1310 685 1378 pater
704 1299 744 1357 est
762 1299 953 1377 Thymbraeus

236 1407 366 1484 Apollo,

159 1508 288 1570 inuisum
300 1510 367 1569 fatis
380 1510 517 1587 genuisti?
538 1518 589 1570 aut
601 1529 659 1586 quo
671 1509 727 1568 tibi
740 1508 826 1568 uostri

160 1615 257 1674 Pulso
270 1618 365 1675 amor?
387 1615 457 1690 quid
470 1634 516 1672 me
529 1615 635 1672 coelum
648 1613 756 1690 sperare
765 1612 901 1690 jubebas?

159 1719 217 1776 Eul
239 1718 328 1776 etiarn
340 1719 418 1777 hunc
431 1717 525 1795 ipsum
537 1717 605 1776 vitae
617 1717 745 1775 mortalis
757 1717 905 1785 honorem,

67 1885 69 1892 ¹
160 1822 259 1880 Quem
270 1821 528 1899 mihivixfrugum
538 1831 567 1878 et
575 1822 718 1898 pecudum
727 1820 850 1878 custodia
860 1807 954 1878 solleri

159 1925 267 1984 Omnia
280 1926 405 1984 tentanti
417 1926 575 1993 extuderat,
596 1933 625 1982 te
637 1934 727 1982 matre
740 1923 879 1998 relinquo.

161 2028 243 2086 Quin
257 2047 319 2105 age,
339 2039 370 2086 et
382 2028 442 2105 ipsa
456 2047 544 2086 manu
558 2028 650 2086 felicis
662 2047 728 2086 erue
742 2027 836 2096 ulvas,

159 2132 214 2190 Fer
223 2132 337 2190 stabulis
343 2131 611 2208 inimicumiguem,
620 2141 706 2207 atque
712 2130 842 2188 interfice
849 2129 940 2188 meffis
945 2153 955 2202 3

161 2237 222 2292 Ure
236 2235 304 2305 sata,
324 2245 354 2293 et
366 2235 490 2294 validam
504 2234 534 2291 in
547 2235 614 2292 vitis
627 2233 728 2293 molire
741 2234 910 2312 bipennem:
950 2223 953 2232 ’

160 2339 254 2396 Tanta
267 2357 340 2396 meae
353 2338 373 2394 fi
388 2347 417 2394 te
429 2348 567 2414 ceperunt
580 2337 664 2396 taedia
677 2338 778 2396 laudis.

201 2444 243 2500 At
256 2449 347 2499 mater
359 2440 485 2498 sonitum
498 2441 625 2500 thalamo
638 2440 690 2498 sub
702 2440 830 2498 fluminis
844 2441 896 2498 alti
949 2443 951 2450 “

33 2543 37 2549 “
162 2545 265 2602 Sensit:
287 2563 351 2602 eam
368 2544 477 2620 circum
490 2544 603 2602 Milefia
616 2545 720 2602 vellera
734 2544 879 2621 Nymphae

162 2649 334 2725 Carpebant,
355 2647 432 2724 hyali
445 2647 539 2705 saturo
551 2648 646 2706 fucata
660 2647 753 2704 colore
758 2671 767 2717 3

161 2751 337 2828 Drymoque,
351 2750 534 2826 Xanthoque,
552 2751 708 2828 Ligeaque,
719 2749 956 2834 Phyllodoceque,

159 2854 313 2913 ¹Caesariem
326 2853 423 2912 effusae
436 2853 557 2914 nitidam
570 2853 752 2931 percandida
765 2852 836 2910 colla
843 2877 852 2924 ς

161 2957 272 3026 Nesaee,
293 2957 424 3034 Spioque,
436 2958 605 3033 Tbeliaque,
626 2957 854 3036 Cymodoceque,
952 2947 955 2952 ’

162 3061 360 3138 Cydippeque,
380 3070 410 3118 et
419 3061 496 3120 flava
509 3061 659 3140 Lycorias;
680 3061 768 3119 altera
781 3059 871 3136 virgo,

164 3164 265 3224 Altera
278 3173 342 3224 turn
354 3164 462 3243 primur
475 3165 592 3226 Lucinae
604 3174 720 3243 experta
733 3163 842 3223 labores
848 3187 859 3238 ι
939 3185 945 3202 ⁴
