2194 3584
158 200 212 281 'oo
404 218 735 292 onouercou,
858 230 962 282 arar

173 376 345 452 velleraque
357 383 391 434 ut
402 375 479 434 foliis
491 376 641 452 depedant
654 375 751 434 tenuia
765 378 860 435 Seres?

173 479 235 537 Aut
248 498 327 555 quos,
347 479 464 537 Oceano
475 478 599 556 propior,
619 479 693 554 gerit
705 479 788 538 India
800 480 898 538 lucos?

173 581 303 640 Extremi
315 582 390 639 finus
403 581 478 638 orbis
483 605 492 652 3
513 581 564 638 ubi
577 583 640 638 adra
654 582 768 641 vincere
781 581 925 640 summum

173 685 292 742 Arboris
306 684 385 741 haud
397 685 463 742 ullae
472 682 550 760 jastu
562 695 680 761 potuere
694 685 817 762 sagittae:

172 787 210 844 Et
223 805 294 862 gens
306 786 355 844 illa
367 787 485 862 quidem
499 786 597 844 sumtis
610 806 666 845 nou
682 789 761 846 tarda
774 787 925 865 pharetris.

173 889 273 946 Media
287 889 343 946 sert
357 889 445 946 tristes
458 889 554 947 succos
567 891 736 966 tardumque
749 891 878 967 saporem

173 991 277 1050 Felicis
289 991 373 1064 mali,
394 1011 451 1068 quo
464 1010 522 1049 non
535 991 700 1068 praesentius
711 971 815 1062 ullum,

174 1094 278 1153 Pocula
291 1095 311 1151 sr
325 1095 438 1170 quando
451 1093 530 1151 saevae
542 1093 668 1152 infecere
680 1114 817 1165 novercae,
884 1125 886 1130 ·

173 1197 410 1274 Miscueruntque
423 1197 523 1256 herbas
535 1207 565 1255 et
577 1216 635 1255 non
644 1199 766 1256 innoxia
778 1201 873 1269 verba,

172 1299 327 1358 Auxilium
341 1299 429 1368 venit,
449 1319 482 1358 ac
493 1300 629 1358 membris
642 1301 704 1378 agit
716 1311 776 1359 atra
790 1321 910 1360 venena.

173 1402 237 1478 Ipsa
249 1402 351 1480 ingens
363 1405 453 1480 arbos,
474 1403 635 1480 faciemque
646 1405 788 1462 simillima
798 1405 893 1478 lauro,

173 1507 220 1575 Et,
241 1505 332 1562 finon
344 1505 435 1564 alium
448 1506 506 1564 late
515 1505 634 1582 jadaret
647 1507 771 1573 odorem,

173 1610 282 1666 Laurus
295 1617 369 1666 erat:
392 1608 461 1666 solia
474 1609 551 1666 haud
563 1609 629 1666 ullis
641 1609 766 1668 labentia
779 1609 886 1680 ventis3

173 1711 238 1774 Flos
251 1712 286 1769 ad
299 1711 392 1788 prima
406 1720 506 1770 tenax:
527 1712 636 1770 animas
648 1721 678 1770 et
690 1712 796 1770 olentia
809 1713 891 1770 Medi

174 1813 234 1872 Ora
246 1815 346 1872 fovent
358 1814 418 1884 illo,
439 1824 468 1872 et
481 1813 594 1872 senibus
607 1815 785 1872 medicantur
798 1815 916 1874 anhelis.

214 1917 268 1974 Sed
281 1935 375 1992 neque
387 1918 551 1987 Medorum,
570 1917 645 1974 srlvae
656 1917 800 1986 ditiffima,
819 1926 901 1986 terra,

175 2019 206 2077 N
207 2038 239 2076 ec
249 2019 369 2096 pulcher
379 2020 502 2095 Ganges,
516 2028 601 2095 atque
611 2039 680 2078 auro
691 2020 821 2077 turbidus
831 2022 966 2090 Hermus,

175 2121 321 2184 Laudibus
335 2121 425 2178 Italiae
440 2131 565 2192 certent3
587 2141 645 2179 non
658 2124 768 2193 Badra,
785 2141 878 2199 neque
891 2123 966 2192 Indi,
1072 2129 1075 2135 '

174 2222 305 2298 Totaque
318 2223 443 2280 turiferis
456 2224 596 2282 Panchaia
608 2225 724 2301 pinguis
738 2225 840 2282 arenis.

175 2327 247 2384 Haec
260 2325 323 2383 loca
335 2343 394 2382 non
408 2326 491 2394 tauri,
510 2325 647 2402 spirantes
659 2328 775 2385 naribus
787 2328 896 2404 ignem,

174 2429 329 2496 Invertere,
350 2427 416 2486 satis
429 2427 552 2487 inmanis
564 2429 697 2486 dentibus
709 2430 794 2506 hydri
799 2454 809 2501 3

106 2581 110 2589 .
175 2531 239 2592 Nec
253 2530 341 2606 galeis
354 2531 501 2606 densisque
513 2531 606 2590 virhm
621 2531 698 2608 seges
710 2533 822 2591 horruit
833 2533 931 2592 basiis:
975 2607 977 2614 Ι

175 2633 230 2690 Sed
243 2633 367 2708 gravidae
379 2635 477 2710 fruges
489 2643 518 2692 et
530 2634 637 2692 Bacchi
649 2635 783 2694 Mafficus
795 2636 900 2694 humor

58 2731 61 2740 ’
175 2735 324 2812 inplevere
329 2759 337 2806 ς
361 2745 460 2794 tenent
469 2737 548 2808 oleae,
562 2747 744 2814 armentaque
756 2739 822 2798 lata.

176 2837 255 2895 Hinc
267 2837 388 2895 bellator
400 2858 489 2914 equus
501 2857 602 2916 campo
614 2839 672 2898 sese
684 2842 786 2899 arduus
799 2841 900 2913 insert;

174 2939 255 2996 Hinc
268 2939 335 3008 albi,
356 2941 512 3013 Clitumna,
532 2961 641 3019 greges,
661 2953 691 3001 et
702 2963 836 3002 maxuma
851 2953 947 3004 taurus

159 3042 310 3111 uitrima,
329 3043 402 3120 saepe
415 3053 464 3102 tuo
477 3045 581 3122 perfusi
593 3046 713 3104 flumine
725 3047 811 3116 sacro,

176 3145 317 3206 Romanos
329 3148 366 3206 ad
379 3148 485 3228 templa
498 3149 586 3210 dehm
598 3150 704 3234 duxere
718 3149 884 3228 triumphos.
962 3195 967 3202 ‚
