2194 3584
170 241 210 296 52
404 240 730 309 GEORGICON,
765 241 767 250 ‘
855 247 967 312 v.289.

166 391 261 451 Notio
272 394 346 454 leves
358 397 463 455 melius
477 398 596 474 stipulae,
616 398 700 455 nodie
713 396 791 454 arida
804 403 896 472 prata,

144 496 146 508 '
164 494 334 555 Tondentur
338 525 346 568 3
369 500 464 558 notter
477 501 571 558 lentus
585 519 643 558 non
656 499 754 558 deficit
765 499 877 558 humor.

164 597 203 655 Et
216 599 335 675 quidam
348 599 422 660 seros
435 602 548 660 hiberni
562 605 597 660 ad
611 601 728 660 luminis
740 601 822 676 ignes

163 701 326 778 Pervigilat,
347 703 478 780 ferroque
490 705 567 763 faces
580 703 700 780 inspicat
713 712 811 764 acuto:

162 801 287 872 Interea,
305 805 427 882 longum
439 817 526 864 cantu
539 807 626 865 solata
639 806 775 874 laborem,

162 906 277 983 Arguto
290 906 416 984 conjunx
428 909 567 984 percurrit
580 908 694 985 pediine
707 907 793 978 telas;

163 1008 226 1066 Aut
238 1009 330 1066 dulcis
343 1009 427 1067 mutii
439 1010 568 1068 Volcano
581 1001 717 1086 decoquit
730 1009 890 1080 humorem,

162 1109 201 1168 Et
210 1111 287 1168 foliis
300 1113 408 1170 undam
422 1112 523 1190 trepidi
539 1112 688 1189 despumat
701 1111 795 1173 aheni.

200 1215 244 1271 At
256 1214 413 1273 rubicunda
427 1217 513 1273 Ceres
527 1215 621 1278 medio
635 1213 790 1278 succiditur
801 1215 878 1284 aestu,

160 1316 199 1374 Et
211 1317 306 1376 medio
319 1319 402 1376 tostas
415 1318 483 1375 aestn
495 1317 562 1375 terit
575 1336 639 1376 area
652 1317 757 1393 fruges.

158 1417 334 1489 Nudusara,
353 1420 412 1478 sere
424 1421 518 1478 nudus
523 1449 532 1494 5
554 1419 646 1477 hiems
658 1417 763 1495 ignava
775 1419 887 1478 colono.
964 1476 967 1482 ,

158 1521 323 1599 Frigoribus
336 1531 419 1599 parto
431 1521 564 1599 agricolae
574 1522 742 1598 plerumque
756 1521 900 1591 fmuntur,

156 1625 320 1703 Mutuaque
332 1625 409 1684 inter
423 1625 451 1683 se
463 1624 523 1684 laeti
535 1623 666 1683 convivia
679 1632 790 1682 curant.

49 1729 51 1734 '
156 1726 266 1786 Invitat
280 1727 400 1804 genialis
413 1727 514 1797 hiems,
534 1745 670 1803 curasque
683 1724 815 1786 resolvitr

156 1833 220 1890 Ceu
232 1832 330 1909 preffae
342 1851 433 1908 quum
440 1829 502 1909 jam
513 1841 628 1908 portum
642 1828 763 1905 tetigere
775 1828 889 1900 carinae,

155 1934 301 2012 Puppibus
314 1943 343 1992 et
355 1933 415 1992 laeti
427 1943 522 1992 nautae
534 1931 685 2010 inposuere
698 1949 826 1989 coronas.
973 1907 977 1920 '

154 2037 209 2094 Sed
219 2045 315 2094 tamen
324 2045 354 2094 et
361 2055 482 2112 quernas
490 2036 607 2112 glandes
616 2043 679 2092 tum
689 2033 826 2110 stringere
834 2043 956 2112 tempus,

153 2139 192 2197 Et
204 2138 276 2197 lauri
289 2139 397 2208 baccas,
418 2138 576 2214 oleamque,
599 2145 775 2212 cruentaque
787 2146 896 2214 myrta

152 2241 231 2300 'Ibrn
245 2240 363 2318 gruibus
379 2241 493 2318 pedicas
506 2250 536 2297 et
548 2238 620 2297 retia
633 2257 739 2317 ponere
750 2239 850 2310 cervis,

151 2342 328 2419 Auritosque
341 2337 420 2419 sequi
433 2342 557 2418 lepores3
580 2351 643 2400 turn
656 2340 746 2417 figere
759 2342 865 2411 damas,

151 2446 276 2522 Stuppea
290 2453 471 2521 torquentem
482 2443 605 2501 Balearis
617 2445 734 2501 verbera
747 2443 863 2514 fundae3
924 2499 928 2506 .

151 2546 310 2610 Ouumnix
318 2548 373 2605 alta
377 2545 462 2623 jacet,
470 2543 815 2623 glaciemquumflumina
823 2547 952 2606 trudunt.
1034 2595 1036 2600 ,

190 2648 273 2707 Quid
286 2648 464 2726 tempestates
477 2646 625 2706 aubiumni
637 2657 668 2704 et
681 2647 769 2706 sidera
782 2648 898 2708 dicam?
955 2712 957 2716 ,

148 2753 258 2828 Atque,
268 2752 320 2810 ubi
329 2751 390 2829 jam
400 2752 570 2828 breviorque
583 2752 643 2810 dies
656 2761 686 2810 et
698 2752 813 2812 mollior
825 2755 912 2827 aestas,

149 2847 227 2914 ‚Quae
244 2854 389 2931 vigilanda
402 2853 488 2912 viris?
509 2854 565 2924 vel,
585 2873 677 2930 quum
693 2854 753 2912 ruit
769 2855 952 2918 imbriferum

227 2975 285 3027 ver,

147 3058 248 3135 Spicea
257 3056 318 3136 jam
332 3058 438 3137 campis
449 3077 540 3136 quum
551 3059 643 3118 meffis
655 3059 809 3130 inhorruit,
820 3071 850 3120 et
859 3083 950 3139 quum

147 3160 300 3235 Frumento
313 3161 344 3220 in
357 3161 444 3222 viridi
457 3161 558 3241 stipuli
569 3161 705 3222 labentia
719 3168 877 3248 turguenti·
