2194 3584
155 210 194 266 te
388 195 715 274 GEO‘RG'Icom
799 259 802 262 .
840 209 955 261 urru-

157 363 255 421 Quem
267 359 364 440 legere
376 365 490 434 ducem,
510 374 540 424 et
552 363 649 442 pecori
661 362 759 422 dixere
771 359 922 426 marituma
949 394 950 400 κ

154 465 352 542 Florentisque
364 466 460 525 secant
473 467 583 538 herbas,
603 465 765 540 fluviosque
782 461 954 528 ministrarit,

155 571 311 645 Famaque,
334 589 371 628 ne
380 571 487 628 blando
499 578 623 646 nequeat
636 567 773 645 supereffe
786 565 892 624 labori:

155 671 337 748 invalidique
348 655 464 750 patrum
476 672 601 730 referant
609 669 719 749 jejunia
732 669 803 728 nati.

155 774 211 852 Ipsr
224 783 322 832 autem
334 774 427 850 macie
441 784 562 840 tenuant
574 783 703 835 armenta
714 773 855 842 volentem

155 879 264 954 Atque,
285 878 337 936 ubi
349 878 519 936 concubitus
532 879 638 956 primos
646 877 708 954 jam
722 887 790 934 nota
803 876 934 952 voluptas
1004 954 1007 960 Ι

157 979 307 1049 Sollicitat,
328 980 494 1056 frondisque
507 990 624 1056 negant,
639 990 669 1038 et
682 979 813 1038 fontibus
825 987 934 1038 arcent.

157 1085 236 1160 Saepe
249 1083 338 1140 etiam
351 1081 436 1141 cursu
448 1083 593 1158 quatiunt,
612 1091 643 1140 et
654 1082 711 1140 sele
722 1082 856 1158 fatigant,

157 1179 259 1244 Quum
269 1185 491 1262 graviter-turris
500 1185 592 1262 gemit
601 1203 665 1243 area
675 1184 818 1262 frugibus,
825 1192 855 1242 et
862 1177 954 1260 quum

158 1289 329 1364 Surgentem
342 1289 378 1345 ad
391 1287 559 1364 Zephyrum
571 1287 660 1364 paleae
668 1285 813 1364 jaetantur
825 1287 934 1346 inanes.

157 1391 223 1448 Hoc
236 1390 357 1459 faciunt,
377 1389 469 1448 nimio
482 1407 519 1448 ne
531 1389 604 1448 luxu
616 1389 743 1453 obtusior
754 1389 821 1447 usus

159 1491 202 1549 sit
217 1491 338 1568 genitali
351 1511 427 1561 arvo,
448 1500 478 1550 et
490 1491 581 1551 sulcos
594 1491 714 1550 oblimet
727 1489 843 1563 inertis3

153 1595 212 1652 vSed
225 1593 317 1670 rapiat
328 1593 421 1652 titicus
434 1595 586 1663 Venerem,
599 1593 777 1670 interiusque
789 1596 935 1653 recondat.

198 1695 316 1764 Rursus,
332 1715 400 1754 cura
414 1704 529 1773 patrum
546 1697 656 1764 cadere,
678 1705 708 1754 et
727 1695 877 1755 succedere
894 1715 956 1754 ma·

276 1807 363 1868 trum,

159 1901 277 1978 Incipit.
315 1901 429 1960 Exatiis
442 1900 566 1978 gravidae
579 1921 671 1977 quum
683 1902 827 1960 mensibus
839 1909 951 1969 errant,¹

158 2005 228 2062 Non
240 2003 305 2061 illas
317 2003 452 2080 gravibus
465 2004 615 2080 quisquam
621 2003 693 2082 juga
704 2005 808 2062 ducere
817 2003 957 2081 plaustris,

157 2107 230 2164 ,Non
244 2105 317 2164 saltu
329 2106 460 2183 superare
472 2107 549 2164 viam
563 2107 597 2166 nt
608 2107 710 2184 pallus,
731 2116 761 2166 et
773 2108 833 2166 acri

160 2211 284 2286 Carpere
296 2219 377 2287 prata
391 2211 471 2287 fugi,
492 2211 651 2287 fluviosque
663 2211 763 2270 innare
776 2231 899 2288 rapaces.

160 2301 285 2370 Saltibus
298 2313 330 2370 in
342 2313 439 2372 vacuis
451 2313 577 2390 pascant,
597 2323 627 2372 et
637 2315 722 2390 plena
737 2314 894 2374 secundum

159 2415 306 2473 Flumina:
328 2415 442 2474 muscus
452 2411 513 2484 ubi,
526 2425 556 2474 et
565 2415 732 2474 viridiffima
742 2417 873 2492 gramine
885 2416 957 2494 ripa,

156 2511 365 2594 'Speluncaeque
379 2527 487 2594 tegant,
507 2529 538 2576 et
550 2517 632 2578 saxea
645 2521 783 2596 procubet
795 2521 906 2579 umbra.

170 2657 173 2662 -
199 2619 248 2677 Est
260 2620 339 2678 lucos
353 2619 437 2678 Silari
450 2620 534 2692 circa,
548 2620 719 2698 ilicibusque
731 2621 873 2680 virentem
978 2661 980 2668 ι

160 2722 303 2780 Plurimus
316 2723 483 2781 Alburnum
494 2723 627 2794 volitans,
642 2723 718 2801 'quoi
731 2743 837 2782 nomen
850 2724 918 2783 asilo

160 2825 324 2885 Romanum
336 2826 386 2895 est,
404 2827 519 2884 oestrum
532 2827 613 2884 Graii
626 2836 735 2885 vertere
748 2825 896 2900 vocantem

159 2927 262 3004 Asper,
282 2930 383 2986 acerba
396 2927 511 2990 sonansr
533 2949 592 3006 quo
607 2939 667 2988 tota
680 2931 821 2988 exterrita
830 2931 907 2989 silvis

150 3029 330 3106 'Diffugiunt
343 3041 483 3101 amnentur
505 3031 579 3089 furit
591 3032 752 3109 mugitibus
764 3033 854 3092 aether

161 3132 327 3204 Concursus,
347 3131 479 3210 srlizaeque
492 3143 521 3192 et
534 3133 601 3194 ficei
614 3134 676 3212 ripa
687 3135 824 3214 Tanagri.
902 3191 906 3202 ,
