2236 3584
158 227 190 274 r.
201 209 277 285 369.'
474 215 504 276 ,Ο
518 215 531 274 1
546 215 571 274 R
586 215 600 274 1
613 216 640 274 θ.
900 217 960 286 r157

193 368 245 431 ,Αἵ
257 363 365 438 nutrix,
385 369 484 446 patula
495 390 658 448 conponens
670 370 778 429 sulfura
792 368 870 440 testi,

162 468 336 539 Narcissum,
356 472 525 549 casiamque,
545 474 646 532 herbas
663 474 792 532 incendit
805 472 923 546 olentis3

163 573 279 648 Terque
292 592 401 632 novena
415 574 488 650 ligat
501 576 608 652 triplici
619 575 731 640 diversa
745 577 839 634 colore

164 676 241 747 Fila,
255 685 298 734 ter
307 676 339 734 in
351 677 496 752 gremium
507 697 630 748 mecum,
642 677 747 754 inquit,
761 677 866 756 despue
874 677 965 758 virgo,

163 776 280 854 Despne
293 787 345 848 ter,
359 779 453 856 virgo:
476 799 596 838 nurnero
609 782 678 838 deus
690 781 789 858 inpare
802 781 918 856 gaudet.

163 881 236 938 Inde
249 881 314 957 Jovi
327 881 455 957 geminat
468 901 574 958 magno
587 882 725 960 stygialia
738 883 824 950 sacra,

165 983 247 1040 Sacra
260 1001 314 1040 nec
327 983 412 1040 Idaeis
423 983 533 1054 auibus,
553 1003 607 1043 nec
620 984 737 1060 cognita
750 984 842 1042 Graiis
849 1006 860 1041 r

164 1085 269 1162 Pergit,
288 1085 441 1162 Amyclaeo
450 1087 582 1163 spargens
595 1086 696 1145 altaria
708 1086 807 1156 thano,

164 1187 252 1264 Regis
265 1187 393 1246 Iolciacis
406 1189 536 1246 animum
549 1190 674 1265 defigere
686 1188 768 1248 votis.

156 1291 283 1359 Netum,
303 1289 359 1348 ubi
371 1291 450 1348 nulla
466 1301 565 1349 movet
579 1292 705 1350 stabilem
723 1291 836 1349 fallacia
849 1289 962 1366 Nisum,

165 1391 231 1450 Nec
243 1391 356 1468 poffunt
368 1392 508 1462 homines,
529 1412 582 1451 nec
594 1394 709 1470 possunt
721 1394 837 1452 flectere
848 1392 923 1466 divi3

162 1494 257 1552 Tanta
270 1493 354 1552 estin
367 1513 454 1571 parvo
467 1496 570 1553 fiducia
581 1495 659 1554 crine
671 1495 806 1556 cavendis

165 1596 269 1654 Rursus
283 1598 320 1654 ad
332 1597 481 1674 inceptum
493 1598 598 1656 sociam
611 1598 641 1656 se
652 1597 783 1674 adjungit
798 1597 931 1669 alumnae,

164 1702 396 1777 Purpureumque
409 1711 491 1777 parat
503 1705 596 1760 mrsus
609 1702 727 1759 tondere
741 1701 887 1776 capillum,

165 1803 241 1862 Cum
253 1803 341 1879 longo
352 1805 429 1878 quod
439 1801 501 1879 jam
512 1813 608 1880 captat
620 1803 781 1860 succurrere
794 1803 899 1860 amori:

163 1905 233 1962 Non
246 1905 342 1962 minna
359 1905 410 1962 illa
428 1915 525 1964 tamen
545 1905 653 1975 revehi,
672 1907 748 1982 quod
765 1905 873 1964 moen-ia
890 1904 962 1964 cres·

241 2016 317 2077 cant,

163 2112 306 2170 Gaudeat:
329 2120 358 2169 et
371 2111 460 2168 cineri
473 2111 565 2187 patria
577 2111 617 2168 est
625 2109 751 2188 jucunda
765 2112 885 2189 sepulto,

163 2216 240 2290 Ergo
252 2222 331 2272 metu
345 2214 432 2290 capiti
446 2214 540 2290 Scylla
551 2213 592 2271 est
605 2213 721 2274 inimica
735 2225 865 2290 paterne.
947 2247 949 2254 ‹

161 2316 241 2374 Tum
252 2335 334 2374 coma
347 2315 462 2373 Sidonio
475 2315 577 2373 florens
589 2315 744 2374 succiditur
755 2317 838 2375 ostro.

162 2418 242 2476 Tum
248 2417 359 2494 capitur
367 2417 497 2493 Megara,
508 2427 539 2474 et
547 2417 646 2476 divum
658 2419 787 2496 responsa
797 2421 962 2495 probantur.

162 2521 249 2589 Tum,
269 2518 401 2598 suspensa
415 2539 488 2578 nevo
500 2519 560 2576 ritu
574 2521 609 2577 de
622 2520 742 2578 navibus
754 2521 829 2590 altis,

163 2621 216 2681 Ber
228 2641 306 2682 mare
319 2622 473 2680 caeruleum
486 2621 609 2680 trahitur
620 2621 722 2681 Niseia
736 2622 828 2698 virgo.

163 2725 321 2801 Conplurea
334 2724 414 2782 illam
427 2695 574 2800 Nymphie
586 2723 728 2782 mirantur
740 2724 772 2780 in
785 2723 882 2795 undis,

164 2826 289 2884 Miratur
301 2834 382 2902 pater
395 2825 536 2896 Oceanus,
556 2834 587 2882 et
598 2824 719 2882 eandida
733 2824 855 2901 Tethys,

164 2929 203 2990 Et
215 2929 329 3005 cupidas
342 2927 437 2986 secum
450 2927 560 3004 rapiens
573 2927 693 2986 Galatea
706 2925 826 2996 sorores3
951 2927 955 2932 ’
1030 2935 1033 2948 ·

164 3031 218 3088 Illa
230 3029 327 3100 etiam,
343 3029 451 3107 junctis
462 3047 602 3104 magnum
614 3047 677 3103 quae
691 3027 814 3106 piscibus
827 3045 924 3104 aequor

163 3133 203 3189 Et
217 3119 319 3210 glauco
331 3133 469 3210 bipedum
482 3130 701 3202 curmlmetitur
713 3149 861 3206 equorum,
950 3179 953 3184 .
1030 3119 1048 3137 '¹
