2194 3584
121 204 212 255 ma.
371 201 595 291 Ecnoca
626 203 664 259 x.
878 207 916 271 ³7

117 351 208 410 Illum
220 352 309 412 etiam
320 353 402 427 lauri,
422 357 510 416 etiam
523 358 627 416 flevere
638 355 768 433 myrice,

115 453 228 512 Pinifer
240 455 326 514 illum
337 457 433 527 etiam,
455 458 512 516 soli
527 459 578 517 sub
592 478 662 535 rupe
669 457 836 535 jacentem,-

114 556 261 614 Maenalus
274 567 304 615 et
317 559 406 634 gelidi
419 561 560 620 fleverunt
572 561 638 619 saxa
651 561 755 637 Lycaei.

115 659 201 715 Stant
213 668 243 716 et
255 679 320 718 oves
334 661 441 720 circum
448 687 456 732 ς
480 663 566 724 nostri
579 680 632 720 nec
644 662 767 739 poenitet
778 661 855 732 illas,

113 761 182 820 Nec
195 771 223 818 te
235 763 373 838 preniteat
384 766 501 841 peeoris,
521 766 619 824 divine
630 768 730 842 poe'ta:

114 863 155 920 Et
168 863 305 922 formosus
318 885 383 923 oves
395 869 431 925 ad
444 868 564 926 flumina
576 867 656 944 pavit
662 867 790 925 Adonis.

113 965 207 1022 Venit
219 975 250 1022 et
261 966 352 1042 upilio
359 993 368 1039 3
391 970 464 1044 tardi
477 988 580 1026 venere
593 968 724 1040 bubulci,

116 1066 232 1124 Uvidus
244 1067 364 1126 hiberna
377 1071 456 1127 venit
467 1072 503 1128 de
516 1072 618 1147 glande
630 1070 785 1128 Menalcas.
867 1125 869 1132 ,
937 1115 940 1122 .

113 1167 233 1238 Omnes,
242 1171 328 1228 Unde
337 1190 416 1240 amor
423 1173 482 1241 iste,
490 1183 600 1250 rogant,
610 1173 680 1230 tibi?
695 1171 785 1230 Venit
791 1171 911 1248 Apollo:

113 1270 209 1341 Galle,
228 1271 298 1346 quid
310 1265 432 1331 insanis?
453 1275 561 1351 inquit:
584 1284 632 1332 tua
646 1294 722 1343 cura,
736 1274 861 1351 Lycoris,

116 1373 228 1448 Perque
236 1373 315 1432 nives
322 1375 411 1433 alium
421 1395 528 1452 perque
536 1377 651 1435 horrida
661 1376 746 1434 castra
757 1376 853 1434 secuta
864 1374 912 1432 est.

112 1475 206 1531 Venit
218 1483 249 1531 et
260 1477 362 1552 agresti
375 1477 476 1555 capitis
489 1479 617 1538 Silvanus
630 1479 747 1549 honore,
776 1488 779 1494 '

111 1577 254 1634 Florentia
268 1578 371 1636 feniles
383 1588 413 1637 et
426 1581 545 1656 grandia
557 1580 618 1638 lilia
631 1580 769 1655 quaffans.

112 1681 184 1748 Pan,
197 1680 265 1736 deus
278 1680 418 1752 Arcadiae,
432 1682 526 1740 venit:
548 1701 635 1757 quem
646 1681 770 1740 vidimus
782 1679 835 1757 ipfi

113 1782 283 1858 sanguineis
297 1784 374 1841 ebuli
386 1785 479 1842 baccis
492 1785 640 1860 minioque
653 1787 813 1842 rubentem.

111 1883 219 1958 Ecquis
232 1884 286 1942 erit
300 1887 416 1944 modus?
437 1887 546 1962 inquit:
562 1888 653 1944 Amor
662 1905 721 1944 non
734 1885 802 1942 talia
815 1893 908 1942 curat:

111 1986 179 2044 Nec
192 1986 315 2044 lacrimis
328 1987 447 2046 crudelis
459 1989 562 2058 Amor,
573 2007 626 2045 nec
639 1987 769 2064 gramina
782 1986 858 2056 rivis,

111 2089 179 2146 Nec
192 2088 280 2166 oytiso
293 2089 454 2148 saturantur
466 2109 541 2166 apes,
553 2109 606 2148 uec
620 2090 720 2148 fronde
734 2089 858 2166 capellae.

110 2189 213 2247 Tristis
226 2199 255 2247 at
268 2190 331 2248 ille:
353 2193 463 2250 Tamen
476 2191 638 2258 cantabitis,
649 2191 784 2260 Arcades,
803 2189 909 2265 inquit,
983 2161 987 2172 ἱ
1028 2253 1031 2260 ,
1044 2262 1046 2272 Ι

111 2292 264 2353 Montibus
277 2292 339 2350 haec
352 2293 464 2364 vestris,
486 2293 537 2351 soli
550 2303 664 2350 cantare
677 2291 762 2368 periti

110 2396 248 2453 Arcades.
270 2395 379 2453 Omihi
387 2377 450 2452 tum
457 2413 544 2470 quam
552 2395 677 2452 molliter
686 2393 743 2452 olla
753 2393 908 2470 quiescant,

110 2497 212 2556 Vestra
225 2515 303 2554 meos
315 2496 384 2554 olim
399 2496 419 2554 s1
432 2496 523 2553 fistula
536 2496 614 2555 dicat
624 2496 746 2554 amores!

109 2599 213 2674 Atque
226 2598 337 2656 utinam
350 2617 386 2656 ex
399 2598 478 2656 vobis
491 2616 573 2667 unus,
587 2598 726 2673 vestrique
738 2596 852 2654 suillem

110 2701 178 2758 Aut
191 2699 280 2758 custos
293 2698 394 2776 gregis,
407 2709 455 2756 aut
469 2707 587 2758 matura
600 2699 707 2758 vinitor
719 2699 796 2756 uvel

109 2801 209 2870 Certe,
229 2802 285 2860 five
296 2801 370 2858 mihi
382 2801 498 2878 Phyllis,
518 2801 574 2858 five
586 2800 654 2858 elset
666 2801 816 2877 Amyntas,

109 2907 170 2963 Seu
178 2903 351 2979 quicumque
358 2903 443 2974 furor,
452 2903 536 2980 (quid
544 2901 905 2978 tum,s1fuscusAmyntas?

110 3008 153 3066 Et
165 3005 254 3082 nigrae
267 3005 349 3064 violae
362 3005 436 3075 sunt,
456 3013 485 3062 et
497 3003 625 3063 vaccinia
638 3003 732 3088 nigra)

111 3109 235 3167 Mecum
245 3108 321 3168 inter
333 3107 430 3168 salices
440 3107 520 3166 lenti
530 3107 583 3166 sub
588 3097 653 3166 'vite
660 3105 767 3183 jaceret
770 3129 781 3178 3
