2236 3584
79 259 86 266 ⁴
163 267 219 324 101)
393 255 721 330 GEORGICON,
846 263 965 318 v2450‘

161 420 308 496 Idaeasque
321 419 408 498 pices,
429 431 458 478 et
470 420 585 498 pinguis
594 416 726 492 'unguine
738 434 824 484 ceras,
903 408 904 412 ’

162 522 345 598 scillamque,
365 523 560 599 elleborosque
579 520 680 598 gravis,
699 518 872 595 nigrumque
885 516 963 573 bitu·

213 660 214 664 1
243 643 321 686 men.

163 727 234 784 Non
245 736 340 784 tamen
348 727 407 785 ulla
416 727 508 804 magis
515 725 636 804 praesens
649 726 763 782 fortuna
773 722 903 782 laborum
913 721 965 789 est,
977 755 979 762 ·

166 829 265 886 Quam
279 829 300 886 fi
313 829 377 904 quis
390 829 464 886 ferro
477 829 572 906 potuit
584 828 740 888 rescindere
753 825 899 882 summum

164 931 277 988 Ulceris
290 951 335 988 os:
358 931 441 989 aliter
452 931 566 1001 vitium,
580 930 707 1006 vivitque
721 929 844 1004 tegendo
849 953 857 998 3

161 1025 243 1091 Dum
256 1033 380 1090 medicas
393 1034 527 1090 adhibere
540 1052 640 1090 manus
654 1033 689 1090 ad
704 1031 822 1089 vulnera
835 1029 929 1106 pastor

163 1137 310 1212 Abnegat,
331 1144 381 1192 aut
394 1136 510 1192 meliora
523 1136 590 1193 deos
602 1135 679 1192 sedet
692 1134 788 1190 omina
802 1132 929 1208 poscens.

164 1238 249 1296 Quin
263 1237 360 1305 ctiam,
380 1235 438 1296 ima
451 1229 531 1295 dolor
543 1237 691 1294 balantum
703 1233 795 1311 lapsus
808 1236 844 1292 ad
857 1233 913 1291 offa

165 1341 268 1397 Quum
280 1338 359 1410 furit,
381 1347 467 1414 atque
480 1348 555 1396 artus
569 1337 730 1414 depascitur
743 1337 821 1394 arida
832 1336 928 1406 febris,
965 1373 967 1378 ·

163 1441 276 1500 Profuit
290 1441 419 1498 incensos
432 1441 512 1498 aestus
525 1450 660 1507 avertere,
680 1450 709 1496 et
722 1439 800 1495 inter

164 1545 227 1606 ,Ima
241 1543 326 1601 ferire
339 1544 418 1619 pedis
431 1543 579 1600 salientem
590 1542 728 1618 sanguine
740 1557 871 1616 venante

151 1625 152 1628 Ἰ
163 1645 278 1704 Bisaltae
291 1665 348 1720 quo
361 1664 439 1702 more
453 1645 553 1715 solent,
574 1663 693 1718 acerque
706 1642 841 1709 Gelonus,

165 1749 267 1808 Quum
275 1746 352 1822 sugit
361 1747 392 1803 in
400 1746 556 1822 Rhodopen
565 1754 651 1822 atque
659 1744 689 1802 in
699 1745 807 1803 deserta
815 1745 963 1814 Getarum,

164 1850 203 1906 Et
215 1849 260 1906 lac
272 1858 442 1906 concretum
455 1867 521 1906 cum
535 1848 672 1924 sanguine
684 1856 766 1924 potat
778 1846 894 1922 equino.
965 1839 967 1844 ’

189 1950 304 2008 naam
314 1953 412 2027 procul
427 1959 476 2008 aut
490 1951 572 2036 molli
585 1950 734 2008 succedere
745 1949 845 2025 saepius
855 1952 965 2007 umbrae

163 2053 287 2123 Videris,
308 2065 358 2110 aut
371 2053 494 2110 summas
508 2063 673 2128 carpentem
686 2051 818 2128 ignavius
830 2051 939 2119 herbas,
966 2045 969 2050 ’

162 2157 387 2230 Extremumque
395 2154 483 2230 sequi,
495 2164 544 2212 aut
555 2154 651 2211 medio
660 2156 848 2230 procumbere
859 2173 970 2230 campo·

163 2257 338 2326 Pascentem,
359 2266 389 2314 et
401 2256 468 2314 serae
481 2255 570 2313 solam
583 2257 718 2314 decedere
731 2256 809 2314 nosti
815 2281 823 2328 ς

165 2360 313 2426 Continuo
326 2360 440 2436 culpam
452 2359 527 2416 ferro
540 2358 686 2435 conpesce,
705 2359 783 2436 prius
796 2377 883 2433 quam
968 2355 972 2362 ’

164 2461 237 2520 Dira
249 2481 300 2538 per
310 2461 462 2518 incautum
475 2460 588 2537 serpant
601 2461 734 2536 contagia
746 2461 856 2537 volgus.
964 2504 966 2508 ,

166 2559 310 2622 Non‘tam
324 2565 422 2620 creber
432 2581 520 2639 agens
533 2563 659 2620 hiemem
673 2563 732 2619 ruit
745 2581 857 2638 aequora
870 2565 964 2630 turbo,

166 2667 266 2724 Quam
280 2665 379 2724 multae
396 2666 540 2740 pecudum
553 2663 655 2738 pestes:
683 2683 736 2720 nec
749 2665 857 2739 fingula
872 2665 965 2724 morbi

167 2770 292 2845 Corpora
306 2767 486 2843 conripiunt3
507 2765 555 2822 sed
569 2767 628 2822 t‘ota
642 2765 736 2822 aestiva
749 2749 874 2842 repente,
969 2810 972 2814 .

166 2869 307 2946 Spemque
318 2885 493 2945 gregemque
504 2865 597 2937 fimus,
606 2866 797 2944 cunuamque
807 2872 843 2927 ab
854 2869 970 2946 origine-

244 2981 370 3048 gentem.
914 2987 916 2996 ¹

164 3076 243 3132 Tum
256 3073 334 3142 sciat,
354 3071 549 3148 adrias'Alpis
568 3082 597 3130 et
610 3073 717 3132 Norica
730 3075 750 3132 li
761 3076 828 3151 quis

165 3175 286 3236 Castella
297 3175 329 3232 in
342 3175 470 3246 tumulis,
491 3184 521 3232 et
533 3175 648 3252 Iapydis
661 3195 727 3237 arva
739 3179 854 3238 Timavi
883 3219 885 3224 .
905 3238 908 3243 ¹
960 3213 967 3226 .
