2194 3584
142 231 250 296 v.207;
444 226 542 285 ΗΒ.
582 223 638 286 111.
694 274 695 278 ,
902 233 939 295 91

141 381 272 458 Ingentis
286 383 389 441 tollent
401 384 518 454 animos,
538 363 686 462 prensique
699 384 849 458 negabunt

142 485 267 542 Verbera
280 485 358 543 lenta
369 487 440 564 pati,
459 497 489 544 et
502 488 579 544 duris
591 503 689 562 parere
702 487 816 563 lupatis.

182 587 237 645 Sed
249 589 379 648 non-ulla
392 589 484 665 magis
495 590 568 646 vires
581 587 716 646 industria
729 587 834 654 firmat,

144 691 244 748 Quam
256 691 400 748 Venerem
412 699 442 748 et
455 691 522 748 caeci
536 690 662 749 stimulos
678 698 804 748 avertere
815 687 927 758 amoris,
945 733 948 742 r
1018 761 1020 766 Ι

140 792 207 850 Sive
220 793 318 861 bourn,
339 793 395 866 srve
408 793 448 850 est
460 794 507 850 cui
522 792 629 870 gratior
641 792 708 851 usus
719 811 870 868 equorum.

142 895 242 970 Atque
254 894 319 952 ideo
332 905 427 952 tauros
440 895 539 972 procul
553 905 638 970 atque
651 896 682 952 in
695 894 754 952 sola
766 895 896 971 relegant

142 997 256 1065 Pascua,
275 997 337 1074 post
348 1006 479 1063 montem
493 998 662 1077 opposrturn,
682 1007 713 1056 et
726 1007 802 1056 trans
818 997 939 1057 flumina
962 1065 963 1068 Ἴ

218 1101 290 1171 lata3
566 1087 567 1092 l

141 1203 205 1260 Aut
217 1204 294 1260 intus
306 1195 414 1260 clausos
426 1203 519 1262 satura
532 1204 568 1262 ad
579 1203 714 1280 presepia
726 1203 848 1262 servant.

142 1305 243 1381 Carpit
255 1305 333 1362 enim
346 1306 418 1364 vires
431 1306 589 1386 paullatim,
610 1306 725 1384 uritque
739 1307 873 1377 videndo,

142 1408 277 1478 Femina3
310 1423 368 1465 nec
385 1398 536 1466 nemorum
559 1409 668 1485 patitur
690 1407 857 1478 meminisse,
885 1427 938 1466 nec

205 1510 323 1570 'herbae
443 1511 444 1516 ’
918 1565 924 1572 .

141 1613 282 1670 Dulcibus
294 1613 345 1672 illa
359 1613 477 1689 quidem
489 1613 639 1672 inlecebris
652 1623 682 1672 et
695 1614 768 1690 saepe
781 1613 914 1690 superbos
941 1653 945 1670 -.

142 1716 285 1774 Cornibus
296 1716 373 1773 inter
385 1715 414 1774 se
426 1715 534 1792 subigit
546 1717 696 1774 decernere
709 1715 840 1776 amantis.

142 1819 267 1878 Pascitur
279 1818 310 1875 in
323 1817 428 1894 magni
441 1819 509 1876 silva
521 1819 643 1904 sonnosa
652 1817 789 1896 juvenca:

142 1921 189 1978 llli
203 1921 372 1980 alternantes
385 1921 478 1980 multa
490 1921 519 1980 vi
531 1921 631 1998 proelia
644 1921 765 1982 miscent

100 2059 102 2068 ,
141 2023 318 2084 Vulneribus
331 2023 450 2096 crebris3
472 2024 542 2082 lavit
554 2033 616 2082 ater
628 2043 744 2100 corpora
758 2023 886 2100 sanguis;

141 2125 287 2204 Versaque
300 2127 331 2184 in
344 2129 465 2188 obnixos
476 2136 639 2204 urguentur
651 2145 758 2186 cornua
770 2127 847 2184 vasio

142 2232 220 2288 Cum
230 2230 352 2306 gemitu:
368 2232 487 2288 reboant
497 2229 667 2305 srlvaequeet
676 2229 779 2306 longus
787 2229 949 2306 Olympus.¹

141 2335 207 2393 Nec
220 2353 281 2392 uros
293 2334 424 2392 bellantis
436 2353 495 2392 una
508 2334 646 2392 stabulare
651 2359 659 2405 ;
681 2333 730 2391 sed
743 2334 814 2392 alter

141 2437 243 2495 Vistus
256 2437 326 2505 abit,
346 2436 489 2512 longeque
501 2435 607 2512 ignotis
620 2435 732 2494 exsulat
743 2435 808 2503 oris,

141 2539 238 2598 Multa
251 2557 369 2616 gemens
382 2539 578 2615 ignominiam,
592 2539 747 2616 plagasque
761 2536 873 2615 superbi

140 2641 274 2710 Victoris,
295 2651 367 2711 tum,
388 2660 459 2716 quos
473 2641 565 2698 amisrt
577 2640 697 2710 inultus,
716 2659 835 2709 amores,

142 2746 180 2802 Et
192 2744 300 2803 stabula
314 2727 477 2819 adspestans
490 2743 584 2820 regnis
599 2743 715 2802 excellit
728 2743 820 2802 avitis.

141 2849 218 2924 Ergo
231 2847 310 2904 omni
323 2847 393 2905 curs
406 2844 479 2904 vires
491 2855 612 2914 exercet,
632 2855 663 2904 et
676 2847 752 2904 inter

122 3016 126 3022 ,
141 2951 221 3008 Dura
231 2949 307 3026 jacet
320 2967 430 3027 pernox
441 2949 560 3008 instrato
572 2948 639 3008 saxa
652 2947 750 3016 cubili,

142 3052 301 3110 Frondibus
313 3052 428 3112 hirsutis
440 3061 470 3110 et
482 3053 573 3110 carice
585 3051 679 3129 pastus
691 3050 789 3120 acut23

142 3155 179 3213 Et
193 3163 285 3217 tentat
297 3154 364 3227 sese,
383 3165 471 3232 atque
483 3154 564 3214 irasci
577 3155 608 3213 in
621 3174 727 3214 cornua
740 3153 823 3212 discit
943 3178 947 3184 ·
