2208 3574
188 190 247 256 202
446 191 720 286 AENuIDOS,
870 187 981 244 asse.

84 353 86 364 ¹
183 345 276 422 ¹Signa
288 342 343 424 tibi
356 345 467 418 dicam3
488 355 522 408 tu
534 345 649 404 condita
662 351 759 414 mente
772 350 878 400 teneto.
970 387 975 395 .

190 448 291 504 Quum
304 445 359 504 tibi
372 445 501 516 sollicito,
521 448 620 506 secreti
633 448 670 504 ad
686 443 813 503 fluminis
825 444 941 511 undam,

190 547 311 606 Litoreis
323 549 425 624 ingens
437 549 617 606 inventasub
628 547 741 606 ilicibus
753 546 807 614 sus,

189 649 322 726 Triginta
334 650 463 725 capitum
475 651 550 708 fetus
562 649 657 719 enixa,
674 647 791 725 jacebit,
866 671 867 674 ¹
972 663 974 674 ⁴

190 752 275 819 Alba,
295 750 352 808 solo
366 753 511 819 recubans,
531 751 590 812 albi
603 751 711 808 circum
723 751 811 808 ubera
826 747 901 818 nati;
975 791 978 797 -

189 855 218 910 Is
230 853 309 910 locus
321 853 397 910 urbis
410 853 473 922 erit,
493 853 604 928 requies
617 871 651 910 ea
663 861 740 910 certa
752 852 891 908 laborum.
976 899 980 905 .

189 956 255 1012 Nec
268 963 301 1018 tu
313 953 475 1012 mensarum
488 953 595 1012 morsus
607 932 736 1010 horresce
749 953 859 1010 futuros
866 975 875 1022 3
976 967 981 991 ⁴

187 1057 259 1114 Fata
271 1055 348 1114 viam
364 1055 521 1124 invenient,
541 1055 688 1131 aderitque
700 1064 815 1114 vocatus
828 1055 943 1131 Apollo.
976 1071 979 1086 ·

190 1157 252 1224 Has
265 1167 361 1214 autem
374 1166 469 1225 terras,
490 1157 613 1232 Italique
625 1157 700 1214 hanc
713 1156 804 1214 litoris
816 1175 905 1226 oram,
1000 1197 1004 1202 -

191 1259 322 1317 Proxima
334 1277 398 1333 quae
410 1258 496 1316 nostri
508 1258 690 1334 perfunditur
703 1257 824 1333 aequoris
836 1258 912 1325 aestu,

190 1359 309 1436 Effuge:
331 1360 433 1418 cunita
446 1360 527 1418 malis
540 1359 706 1418 habitantur
723 1359 829 1418 moenia
843 1357 944 1416 Graiis.
979 1337 983 1386 '¹

190 1461 249 1518 Hic
261 1470 292 1518 et
304 1461 424 1538 Narycii
436 1461 592 1537 posuerunt
604 1461 711 1519 moenia
724 1461 819 1532 Locri,

190 1564 228 1620 Et
242 1561 410 1622 Sallentinos
423 1562 533 1620 obsedit
546 1563 638 1620 milite
651 1581 766 1638 campos

191 1666 307 1742 Lyetius
320 1665 504 1734 Idomeneus:
527 1665 575 1722 hio
588 1665 639 1723 illa
652 1665 731 1724 ducis
743 1665 877 1724 Meliboei

191 1768 278 1824 Parva
292 1766 454 1824 Philooetae
468 1766 588 1828 subnixa
601 1767 707 1826 Petelia
721 1786 813 1826 muro.
965 1845 968 1849 .

192 1868 285 1938 Quin,
295 1867 347 1926 ubi
358 1867 522 1926 transmillae
532 1868 660 1944 steterint
670 1878 748 1928 trans
758 1881 869 1946 aequora
879 1869 985 1950 claffes,

192 1971 231 2028 Et
243 1969 339 2046 pofitis
351 1969 406 2030 arie
415 1968 476 2046 jam
488 1979 555 2028 vota
567 1970 598 2028 in
612 1971 694 2028 litore
707 1971 806 2041 solves,

191 2073 335 2148 Purpureo
347 2071 440 2150 velare
453 2090 549 2130 comas
562 2073 711 2149 adopertus
724 2073 845 2144 amielu3

191 2175 239 2232 Ne
252 2193 308 2248 qua
320 2173 396 2230 inter
408 2173 517 2231 sanblos
527 2173 604 2250 ignis
617 2175 649 2232 in
661 2175 769 2233 bonore
781 2177 900 2232 deorum
978 2215 981 2222 ⁴

192 2275 310 2332 Hostilia
323 2275 408 2332 facies
420 2285 558 2344 occurrat,
579 2285 608 2334 et
621 2278 717 2337 omina
731 2283 837 2336 turbet.

193 2377 282 2437 Hune
295 2375 363 2434 socii
374 2395 483 2436 morem
496 2377 646 2448 sacrorum,
667 2380 744 2438 hunc
758 2379 818 2457 ipse
832 2389 944 2452 tenet03

193 2479 258 2536 Hac
270 2477 335 2536 casti
348 2487 483 2535 maneant
494 2477 526 2534 in
539 2479 677 2556 religione
689 2492 816 2557 nepotes.
868 2519 871 2527 Δ

192 2579 254 2649 Ast,
273 2579 325 2636 ubi
336 2578 489 2655 digrellum
503 2581 605 2638 Siculae
618 2590 647 2644 te
660 2584 823 2641 admoverit
834 2603 891 2641 oras
974 2591 983 2636 ‚¹

191 2682 313 2750 Ventus,
334 2690 364 2736 et
376 2680 486 2756 angusti
500 2681 638 2740 rarescent
650 2684 767 2742 claustra
782 2684 882 2760 Pelori,

193 2783 278 2840 Laeva
292 2781 345 2840 tibi
359 2781 451 2850 tellus,
471 2792 501 2839 et
513 2783 600 2858 longo
613 2783 683 2841 laeva
697 2794 832 2862 petantur

192 2883 322 2958 AEquora
336 2883 470 2946 circuitu:
492 2884 626 2944 dextrum
638 2885 709 2962 fuge
726 2886 804 2955 litus,
824 2895 854 2944 et
866 2887 968 2947 undas.

192 2985 264 3043 Haec
277 2985 349 3056 loca,
368 2984 398 3042 vi
412 2985 557 3060 quondam
569 2993 599 3042 et
611 2987 686 3044 vasti
699 2989 831 3046 convolsa
844 2979 951 3060 ruinas

191 3085 319 3144 Tantum
331 3086 387 3148 aui
397 3086 554 3167 longinqua
566 3087 644 3146 valet
655 3097 766 3154 munte
778 3088 914 3166 vetustas!
974 3117 986 3140 a
