2236 3584
44 143 45 148 '
146 162 230 215 nm.
379 147 711 209 cATALEGTn
889 157 943 224 rm

147 310 225 386 Saepe
237 305 365 366 animam
378 305 476 382 generi
488 323 540 381 pro
554 305 611 380 qua
623 313 704 382 pater
713 303 809 382 inpius
821 305 927 381 haufit;

186 413 266 488 Saepe
279 411 366 468 rubro
379 407 609 483 Eleis'sanguine
622 407 708 466 flmit
721 407 839 467 humus:

31 496 45 600 ξ’
147 513 237 590 Regia
250 532 308 571 non
321 511 440 580 Semele,
461 529 519 568 non
532 509 647 567 Inachis
659 510 814 583 Acrifione,

184 615 301 674 Inmitti
313 615 477 691 exspemns
489 613 621 683 fulmine,
641 621 671 670 et
684 611 785 686 imbre,
799 617 916 694 Jovem:

28 717 34 740 '
146 718 276 797 Cujuset
289 719 326 777 ob
339 727 454 794 raptum
466 716 539 793 pulfi
551 715 660 792 liquere
673 719 789 776 Penates

184 821 338 898 Tarquinii
350 820 464 897 patrios,
484 819 561 877 filius
573 829 660 896 atque
671 829 752 896 pater
756 845 765 892 3

144 925 209 994 Illo,
223 944 281 1000 quo
293 924 419 1001 primum
432 923 596 981 dominatus
608 923 699 981 Roma
711 923 843 1000 superbos

183 1021 312 1086 Mutavit
323 1026 441 1104 placidis
454 1035 582 1102 tempore
595 1025 780 1083 Consulibus:

143 1131 250 1201 Multa,
270 1148 363 1205 neque
377 1128 527 1197 inmeritis,
547 1127 664 1185 donavit
676 1127 794 1204 praemia
807 1129 939 1201 alumnis,

181 1231 302 1310 Praemia
313 1231 437 1290 Mellalis
450 1231 575 1290 maxima
588 1230 747 1307 Poplicolis.

144 1339 212 1416 Jam
222 1335 292 1412 quid
302 1353 356 1412 ego
366 1334 486 1392 inmenfi
498 1352 654 1392 memorem
663 1333 753 1392 studia
761 1333 812 1394 ista
821 1335 941 1395 laboris?

187 1438 312 1498 Horrida
324 1437 395 1514 quid
408 1439 485 1496 <lurae
498 1445 626 1513 tempora
637 1436 764 1494 militiae?

146 1541 243 1600 Castra
256 1541 320 1598 foro
332 1539 438 1611 solitos,
458 1540 524 1598 urbi
536 1558 698 1617 praeponere
710 1540 806 1611 castra,

185 1644 260 1706 Tam
273 1644 372 1719 procul
387 1643 442 1702 hoc
456 1652 533 1712 nato,
554 1652 613 1701 tam
624 1643 723 1718 procul
735 1643 789 1702 hac
800 1643 909 1722 patrii?

146 1747 328 1806 Inmoderata
340 1746 401 1823 pati
413 1764 491 1804 nunc
504 1745 620 1822 frigora,
640 1765 773 1823 nuncque
786 1748 908 1807 calores?

186 1851 308 1910 stertere
320 1850 366 1908 vel
379 1849 450 1908 dura
461 1849 537 1925 polle
549 1847 632 1924 super
644 1848 737 1907 filice?

147 1954 227 2029 Saepe
239 1961 351 2012 trucem
363 1950 480 2010 adverso
492 1951 599 2028 perlabi
613 1952 700 2011 fidere
710 1954 849 2010 Pontum?

172 2100 175 2108 .
185 2057 264 2133 Saepe
277 2073 355 2114 mare
367 2055 497 2126 audendo
509 2053 633 2125 vincere,
652 2055 725 2132 saepe
736 2055 878 2117 hiemem?

146 2159 226 2235 Saepe
238 2158 327 2217 etiam
339 2158 439 2216 densoa
450 2157 596 2216 inmittere
609 2177 709 2235 corpus
721 2158 753 2216 in
765 2159 870 2232 hostes,

186 2262 378 2320 Communem
390 2261 460 2320 belli
472 2280 525 2320 nec
538 2261 661 2331 timuilse
674 2263 776 2320 deum?

146 2364 236 2422 Nunc
249 2365 353 2424 celeres
365 2364 461 2434 Afros,
481 2364 663 2442 perituraque
675 2365 768 2427 millia
780 2365 883 2444 gentis,

186 2469 283 2526 Aurea
296 2485 373 2524 nunc
385 2467 476 2544 rapidi
489 2467 609 2526 flumina
621 2468 698 2526 adire
707 2469 798 2545 Tagi?

145 2569 235 2630 Nunc
248 2555 335 2628 aliam
347 2589 384 2627 ex
397 2569 453 2628 alia
465 2570 598 2628 bellando
610 2589 735 2646 quaerere
749 2574 882 2648 gentem?

184 2673 309 2740 Vincere
321 2681 352 2730 et
364 2672 475 2730 Oceani
487 2673 593 2731 finibus
605 2673 742 2732 ulterius?

146 2775 217 2834 Non
230 2774 354 2833 nostrum
365 2775 413 2845 est,
427 2775 556 2852 inquam,
568 2784 659 2835 tantas
670 2776 818 2853 adtingere
828 2775 940 2848 laudes,

186 2877 269 2936 Quin
282 2877 370 2936 aufim
383 2878 439 2937 hoc
451 2877 541 2936 etiam
553 2879 656 2948 dicere,
669 2878 719 2937 vix
729 2877 881 2937 hominurn
893 2878 942 2936 est.

145 2973 289 3057 Ipsenec
297 2979 357 3058 ipsa
367 2981 461 3040 ferent
470 3000 566 3040 rerum
575 2990 762 3040 monumenta
771 2983 940 3058 perorbem3

177 3083 250 3161 ¹Ipsa
263 3083 315 3146 tibi
328 3085 476 3162 egregium
488 3085 564 3148 fana
576 3086 662 3146 decus
673 3083 795 3162 parient.
