2236 3584
148 232 260 282 v.155.·
467 225 630 286 CIRIffi'

147 381 276 458 Jurando
288 380 389 439 infelix
403 382 597 459 nequidquam
608 379 676 459 jura'
684 379 791 458 piatsce.

146 484 194 552 Et,
207 483 226 540 li
240 481 304 560 quis
317 484 442 542 nocuisse
454 484 508 542 tibi
522 481 643 562 perjuria
656 483 770 550 credat,'

147 585 248 642 Cautia
260 584 309 661 pia
321 586 374 642 est:
396 586 496 644 timuit
508 585 591 644 fratri
604 594 633 642 te
646 584 790 646 ostendcoe
803 583 821 660 J
882 621 890 642 .

144 687 188 746 At
199 685 269 744 levis
280 687 331 744 ille
345 688 423 758 deus,
443 688 491 745 cui
504 688 614 770 semper
627 687 663 745 nd
676 684 873 746 ulciscendum

146 788 296 846 Ouaeritur
308 807 345 847 ex
357 789 439 847 omni
451 792 604 848 verborum
617 784 721 864 injuria
734 787 820 856 duo,

146 891 243 950 Aurea
256 891 383 966 fulgenti
397 893 564 968 depromens
577 891 634 950 tela
646 889 789 966 pharetrt,

71 1073 73 1078 ,
145 993 226 1051 Heu!
247 981 372 1052 nimium
385 993 479 1064 tereti,
499 993 623 1050 nimium
635 990 790 1068 Tirynthia
803 990 875 1058 visu,

145 1093 273 1170 Virginis
285 1095 316 1152 in
330 1097 426 1160 teneri
437 1096 579 1156 defixerat
590 1095 686 1152 omnin
700 1103 808 1153 mente.

147 1196 223 1253 ouae
236 1196 318 1260 fimul
331 1216 364 1255 ac
376 1197 456 1255 venis
469 1199 561 1258 hausit
575 1197 735 1254 fitientibus
747 1195 857 1272 iguem,

146 1298 185 1355 Et
197 1298 324 1358 validum
336 1299 451 1380 penitus
464 1299 596 1375 concepit
607 1298 639 1356 in
653 1299 709 1360 orsa
723 1299 866 1370 furorem
941 1301 947 1310 ’

148 1401 225 1458 Saeva
238 1401 319 1459 velut
331 1401 433 1476 gelidis
446 1401 590 1459 Ciconum
602 1399 723 1458 Bistonis
736 1399 767 1458 in
779 1399 845 1467 oric,
943 1405 949 1414 ”

147 1501 241 1560 Istrve
253 1502 399 1560 barbarico
413 1503 535 1578 Cybeles
548 1502 672 1562 antistita
686 1504 773 1572 buxo,
943 1507 948 1516 '

146 1601 255 1665 Infelix
268 1601 351 1680 virgo
365 1603 424 1661 toti
437 1603 593 1662 bacchatur
603 1603 637 1661 ln
649 1607 735 1662 urber

146 1703 178 1761 N
178 1722 216 1760 on
230 1702 337 1781 styrace
350 1705 426 1764 Idaeo
438 1706 597 1782 fragrantes
611 1704 699 1764 tinde
711 1705 839 1783 capillos,
945 1721 947 1726 ·

146 1807 272 1883 Cognita
285 1825 344 1864 non
358 1807 462 1866 teneris
474 1807 595 1884 pedibus
606 1807 740 1884 Sicyonia
754 1807 877 1877 scmus,
945 1829 948 1836 ·

146 1909 216 1975 Nou
229 1909 314 1973 niveo
327 1910 453 1967 retinens
466 1911 581 1968 baccata
593 1909 713 1970 monilia
727 1911 811 1968 collo.

143 2011 279 2080 ¹Multum
290 2012 335 2068 illi
348 2011 458 2070 incerto
471 2012 616 2088 trepidant
629 2011 748 2088 vestigia
762 2011 861 2070 cursu.v
944 2017 952 2024 '

146 2115 226 2190 Saepe
238 2115 314 2172 redit
326 2113 431 2190 patrios
444 2115 613 2173 adscendere
625 2115 736 2190 perdita
749 2133 860 2187 muron
945 2121 949 2130 '

145 2217 304 2294 Adriaeque
316 2217 389 2276 facit
401 2217 524 2277 caulium
537 2218 567 2276 sc
578 2217 668 2276 visere
681 2227 780 2278 turres.
833 2223 836 2228 ’
948 2221 951 2227 ’

147 2320 227 2396 Saepe
238 2321 337 2388 etiam,
358 2319 444 2376 tristis
456 2319 572 2378 volvens
584 2319 617 2378 in
629 2319 714 2378 nudie
727 2320 864 2396 querelae,

147 2421 267 2481 Sedibus
279 2440 315 2479 ex
328 2421 393 2480 altis
406 2422 471 2480 cteli
484 2422 647 2501 speculatur
659 2441 800 2494 amorem

145 2524 300 2599 casteque
312 2524 471 2601 prospectat
483 2524 586 2584 crebris
599 2525 725 2587 lucentia
737 2524 872 2588 flammis.

145 2627 237 2686 Nulla
250 2627 347 2686 colum
359 2626 455 2697 nuvit;
476 2645 574 2685 curum
586 2645 640 2684 uec
653 2626 768 2702 respicit
781 2645 897 2684 eurum:

146 2729 217 2796 Non
230 2739 329 2806 arguta
343 2728 444 2786 sonant
457 2728 539 2785 tenui
552 2727 681 2806 psalteria
695 2728 801 2784 chordd
808 2753 817 2799 3

145 2831 218 2888 Non
230 2831 342 2906 Libyco
354 2829 455 2888 molles
467 2829 645 2906 plauduntur
657 2829 769 2906 pectine
783 2829 858 2888 telae.

146 2932 256 2998 Nullus
265 2932 296 2988 in
305 2949 354 2990 ore
366 2933 464 2988 rubor:
486 2931 538 2988 ubi
546 2931 626 2988 euim
637 2934 732 2998 rubor,
743 2931 836 2989 obstat
845 2931 953 2990 amori.'

186 3035 295 3109 Atque,
313 3034 365 3100 ubi
378 3033 458 3090 nulla
470 3031 552 3091 malis
564 3032 669 3109 reperit
682 3032 780 3091 solatia
793 3034 891 3104 tantis,

147 3135 377 3218 Tabidulumquc
390 3135 468 3198 videt
480 3133 540 3196 labi
552 3151 603 3218 per
615 3133 720 3193 viscera
733 3142 871 3200 mortem:
946 3157 951 3170 *
