2208 3574
163 188 231 250 aar
425 193 467 250 AE
477 193 513 250 N
524 193 575 250 El
589 193 618 250 D
632 193 659 252 O
673 188 701 259 S,
853 204 888 245 Ὺ.
901 193 977 258 549.

174 345 412 422 Degeneremque
424 347 659 424 Neoptolemum,
679 361 791 403 narrare
811 351 975 400 memento.

175 447 263 504 Nunc
284 467 402 506 morere.
443 449 508 507 Hoc
530 450 636 518 dicens,
656 447 755 506 altaria
776 446 811 503 ad
832 443 891 520 ipsa
911 454 977 509 tre-

251 558 379 608 mentem

172 649 285 720 Traxit,
305 661 336 707 et
348 652 378 708 in
392 652 484 710 multo
496 652 654 710 labsantem
666 649 806 726 sanguine
819 647 880 705 nati
888 673 897 717 ;
923 667 929 672 ·

173 751 368 828 Inplicuitque
380 772 494 810 comant
507 754 586 821 laeva,
607 753 765 827 dextrique
778 749 925 807 coruscum

174 853 295 921 Extulit,
315 873 349 911 ac
361 854 444 912 lateri
457 855 559 932 capulo
572 863 655 911 tenus
666 853 786 920 abdidit,
806 852 911 909 ensem.

174 956 246 1012 Haec
259 955 324 1012 finis
338 956 443 1014 Priami
455 957 595 1014 fatorum:
618 955 666 1013 hic
680 955 774 1012 exitus
786 955 871 1011 illurn

165 1056 254 1114 :Sorte
267 1057 344 1128 tulit,
352 1057 468 1134 Trojam
477 1057 630 1125 incensam,
643 1067 672 1114 et
684 1056 812 1132 prolabsa
822 1056 970 1113 videntem

174 1159 323 1235 Pergama,
353 1167 396 1216 tot
416 1161 559 1234 quondam
584 1158 696 1237 populis
715 1158 853 1234 terrisque
871 1157 969 1234 super·

224 1301 227 1306 ,
250 1263 337 1334 bumr

174 1363 365 1438 Regnatorem
378 1364 477 1426 Afiaet
489 1365 570 1440 Jacct
582 1363 683 1440 ingens
695 1364 778 1420 litore
791 1373 917 1432 truncus,

173 1464 369 1540 Avolsumque
379 1465 505 1524 humeris
515 1477 609 1542 caput,
621 1476 650 1522 et
661 1466 719 1522 stne
730 1464 847 1522 nomine
856 1481 966 1540 corpur.

211 1569 254 1622 At
266 1586 313 1623 me
327 1577 389 1624 tum
402 1567 526 1643 primum
539 1567 629 1624 saevus
640 1566 826 1623 circumstetit
838 1566 951 1623 horror:

173 1667 331 1744 Obstupui:
353 1667 441 1726 subiit
452 1669 510 1726 cari
524 1667 661 1744 genitoris
673 1667 778 1742 imago,
830 1673 831 1677 ’

172 1769 215 1826 Ut
228 1789 326 1844 regem
338 1789 496 1845 aequaevum
509 1769 617 1828 crudeli
630 1770 744 1826 volnere
757 1769 816 1826 vidi

171 1871 271 1928 Vitam
284 1873 479 1929 exhalantem:
501 1871 588 1929 subiit
602 1873 710 1928 deserta
723 1871 839 1938 Creiisa,

172 1973 209 2030 Et
225 1974 334 2049 direpta
348 1975 457 2042 domus,
478 1984 506 2030 et
519 1973 597 2050 parvi
611 1973 689 2030 casus
703 1974 767 2030 Iuli.

172 2075 317 2150 Respicio,
331 2086 369 2144 et,
390 2095 453 2149 quae
467 2075 500 2130 fit
513 2093 560 2132 me
572 2074 680 2132 circum
693 2077 782 2152 copia,
802 2076 896 2134 lustro.

169 2175 326 2232 Deseruere
339 2195 437 2232 omnes
450 2175 555 2244 defessi,
576 2185 605 2231 et
617 2193 733 2250 corpora
747 2176 819 2234 saltu
891 2227 894 2234 ,

171 2277 219 2333 Ad
231 2286 337 2334 'terram
350 2276 460 2345 misere,
480 2287 530 2333 aut
542 2277 658 2352 ignibus
670 2297 745 2352 aegra
756 2278 867 2336 dedere.

209 2380 332 2454 Jamque
353 2379 424 2434 adeo
443 2378 526 2452 super
545 2397 619 2435 unus
639 2397 726 2448 eram,
752 2399 842 2454 quum
862 2379 962 2439 limina

214 2503 219 2516 ¹
287 2479 379 2536 Vestae

168 2583 344 2650 servantem,
364 2591 393 2638 et
407 2583 523 2639 tacitam
537 2582 642 2640 secreti
655 2583 686 2639 in
700 2582 764 2641 sede
777 2585 923 2654 latentem,

141 2745 144 2752 ¹
170 2683 334 2759 Tyndarida
346 2682 484 2759 adspicio:
506 2684 576 2740 dant
589 2684 663 2741 clara
676 2685 808 2744 incendia
821 2687 915 2745 lucem

170 2785 293 2854 Erranti,
312 2785 469 2861 passimque
481 2785 577 2842 oculos
588 2803 640 2860 per
652 2786 753 2844 cuncta
767 2787 880 2846 ferenti.

171 2885 307 2954 Illa,s1bi
319 2885 434 2944 infestos
447 2885 591 2964 eversaob
605 2889 750 2964 Pergama,
769 2891 904 2960 Teucros,

171 2987 209 3044 Et
221 2997 317 3062 poenas
329 2988 471 3058 Danaum,
492 2998 521 3046 ct
534 2987 634 3046 deserti
647 2989 775 3066 conjugis
787 2992 851 3062 irae,

172 3089 474 3164 Praemetuennurojae
487 3100 516 3146 et
529 3091 627 3166 patriae
639 3092 798 3150 communis
811 3095 941 3172 Erinnys,
