2194 3584
21 196 23 250 ¹

186 265 221 320 10
425 251 727 348 BUCQLICA,
891 250 982 308 v.24.

183 408 254 466 Non
266 407 319 465 ulli
332 407 422 485 pastos
433 407 491 466 illis
504 425 588 484 egere
600 405 699 464 diebus
972 477 974 480 Ι

183 509 306 587 Frigida,
324 508 453 588 Daphni,
473 511 559 569 boves
572 509 609 568 ad
626 506 764 568 firmina:
792 503 871 566 nulla
885 520 980 579 neque

263 630 378 672 amnem

183 711 300 775 Libavit
312 714 481 792 quadrupes,
499 732 553 776 nec
566 711 704 790 graminis
717 708 823 786 adtigit
835 707 966 766 herbam.

183 815 310 892 Daphni,
331 823 414 875 tuum
427 817 527 875 Poenos
541 815 630 874 etiarn
643 811 812 890 ingemuisse
825 811 922 868 leones

183 916 339 974 Interitum
350 927 518 993 montesque
530 916 584 974 feri
598 916 729 991 filvaeque
741 915 908 989 loquuntur.

184 1017 317 1094 Daphnis
330 1026 360 1075 et
370 1018 523 1076 Armenias
535 1037 619 1076 curru
632 1015 799 1094 subjungere
812 1014 894 1092 tigris

185 1119 327 1191 instituit3
348 1119 478 1196 Daphnis
492 1118 596 1178 thiasos
605 1120 741 1192 inducere
754 1117 873 1208 Baccho3

184 1221 223 1278 Et
235 1220 312 1278 foliis
325 1220 415 1278 lentas
428 1220 557 1278 intexere
569 1221 703 1278 mollibus
715 1219 815 1278 hastas.

183 1322 260 1379 Vitis
273 1330 306 1378 ut
319 1323 464 1380 arboribus
477 1322 572 1380 decori
582 1322 630 1392 est,
650 1331 684 1380 ut
696 1321 802 1379 vitibus
815 1339 886 1387 uvae,

183 1424 228 1482 Ut
241 1423 375 1500 gregibus
388 1423 471 1493 tauri,
491 1423 598 1500 segetes
611 1433 645 1480 ut
656 1405 813 1500 pinguibus
829 1421 917 1492 arvis;

183 1525 231 1582 Tu
243 1525 329 1582 decus
341 1543 427 1586 omne
438 1525 506 1582 tuis:
528 1525 676 1601 postquam
690 1533 717 1582 te
730 1524 789 1582 fata
802 1523 940 1590 tulerunt,

182 1626 247 1702 Ipsa
259 1627 338 1684 Pales
350 1645 441 1704 agros,
461 1635 546 1702 atque
558 1625 617 1704 ipse
630 1625 747 1701 reliquit
759 1625 875 1700 Apollo.

184 1727 311 1786 Grandia
324 1729 397 1805 saepe
411 1728 513 1804 quibus
526 1727 723 1788 mandavimus
736 1727 841 1785 hordea
854 1726 948 1794 sulcis,

182 1829 290 1889 Infelix
302 1829 404 1888 lolium
416 1839 446 1888 et
458 1829 562 1888 steriles
574 1829 731 1888 nascuntur
742 1848 848 1888 avenae.

182 1932 236 1989 Pro
248 1931 331 1990 molli
343 1931 426 2002 viola,
445 1950 497 2008 pro
509 1951 651 2010 purpureo
664 1931 791 2000 narcisso,

182 2033 321 2104 Carduus‚
340 2041 371 2092 et
382 2033 469 2112 spinis
482 2033 572 2110 surgit
583 2034 709 2110 paliurus
722 2033 821 2092 acutis.

183 2135 312 2210 Spargite
324 2135 445 2192 humum
458 2135 544 2204 foliis,
564 2135 693 2192 inducite
705 2135 834 2192 sontibus
846 2136 972 2204 umbras,

182 2237 320 2295 Pastores:
342 2239 459 2296 mandat
473 2237 536 2294 fieri
549 2238 601 2295 fibi
613 2238 679 2296 talia
690 2238 830 2315 Daphnis,

181 2339 220 2395 Et
234 2339 378 2399 tumulum
388 2337 482 2406 facite,
493 2348 522 2396 et
535 2339 646 2398 tumulo
656 2340 833 2418 superaddite
845 2359 979 2402 cannen:

180 2441 313 2518 Daphnis
325 2460 380 2517 ego
392 2440 424 2498 in
436 2441 520 2511 silvis,
538 2441 608 2499 hinc
620 2443 709 2518 usque
722 2445 759 2502 ad
771 2444 859 2505 sadera
872 2454 967 2518 notus,

182 2543 306 2601 Formosa
318 2542 428 2620 pecoris
442 2543 540 2614 custos,
560 2528 709 2602 formosior
720 2544 789 2622 ipse.

402 2701 404 2704 .
493 2665 666 2704 manaseas.

181 2747 253 2804 Tale
266 2755 351 2806 tuum
363 2766 477 2808 carmen
490 2747 580 2816 nobis,
600 2748 697 2806 divine
709 2751 804 2826 posita,

183 2848 278 2912 Quale
291 2849 373 2926 sopor
385 2850 458 2908 feffis
471 2850 502 2906 in
516 2849 653 2926 gramine,
678 2852 761 2926 quale
777 2871 828 2928 per
839 2852 938 2914 aestum

182 2950 283 3007 Dulcis
296 2971 377 3026 aquae
389 2951 507 3010 saliente
520 2951 596 3010 sitim
608 2952 780 3038 restinguere
791 2955 865 3014 rivo:
989 2944 992 2954 ’

183 3051 248 3109 Nec
261 3053 375 3116 calamis
384 3052 474 3114 solum
482 3053 646 3131 aequiparas,
657 3054 705 3116 sed
716 3074 793 3128 voce,
801 3055 976 3135 magistrum
