2194 3584
109 203 140 245 v.
157 190 223 258 ηρ.
364 229 367 238 ,
424 183 520 244 ern.
560 183 599 243 11.
844 185 905 257 e7¹

107 342 170 400 Hic
182 359 231 399 ver
244 340 401 408 adsiduum,
421 349 507 416 atque
519 339 618 399 alienis
630 338 771 398 menfibus
783 339 874 412 estas,

107 444 294 520 Bisssgrnvidae
307 445 437 520 pecudes,
455 444 501 501 bis
511 443 604 520 pomis
615 443 695 500 utilis
708 444 801 502 arbor.

1 543 2 618 l
108 548 154 604 At
167 547 272 604 rabidae
284 545 372 637 tigres
384 547 496 616 absunt,
516 556 547 604 et
559 546 630 604 saeva
644 546 762 604 leonum

109 649 238 720 semina;
260 668 313 710 nec
326 649 441 708 miseros
454 649 559 707 saliunt
571 649 684 707 aconita
696 649 817 725 legentis
823 674 832 721 3

109 753 178 810 Nec
188 753 263 829 rapit
272 753 415 810 inmensos
427 753 501 810 orbis
512 771 562 828 per
574 752 705 820 humum,
717 771 811 827 neque
822 758 903 810 tanto

111 857 267 931 Squameus
280 856 311 913 in
325 854 429 932 spiram
441 855 532 914 tractu
546 854 574 912 se
585 855 707 932 conligit
719 854 831 931 anguis.

110 959 196 1016 Adde
210 967 253 1016 tot
265 959 394 1035 egregias
406 959 494 1027 urbis,
513 977 688 1035 operumque
700 957 836 1026 laborem,

110 1063 170 1119 Tot
183 1061 314 1137 congesta
327 1080 415 1119 manu
427 1059 576 1136 praeruptis
590 1060 693 1137 oppida
706 1059 789 1128 saxis,

8 1157 12 1170 ⁸
110 1164 301 1240 Fluminaque
314 1164 445 1239 antiquos
458 1162 679 1221 subterlabentia
691 1179 797 1220 muros.

110 1269 161 1326 An
175 1265 261 1336 mare,
281 1268 357 1344 quod
370 1266 461 1344 supra,
481 1283 647 1335 memorem,
667 1267 800 1341 quodque
814 1264 906 1325 adluit

171 1411 174 1416 -
189 1371 281 1428 infra?

109 1475 199 1532 Anne
211 1474 289 1532 lacus
302 1475 411 1532 tantos?
433 1481 471 1542 te,
491 1469 557 1532 Lari
569 1488 713 1545 maxume,
734 1482 828 1548 teque,

109 1576 258 1634 Fluttibus
271 1585 300 1634 et
313 1577 431 1634 fremitu
444 1576 605 1653 adsurgens,
618 1577 738 1646 Benace,
756 1577 885 1634 marino?
990 1612 993 1617 -
1011 1634 1015 1641 ,
1042 1569 1045 1574 ’

110 1680 162 1738 An
175 1697 332 1738 memorem
344 1687 451 1756 portus,
465 1681 646 1755 Lucrinoque
659 1680 755 1737 addita
768 1679 903 1750 claustra3

110 1783 212 1859 Atque
224 1781 408 1859 indignatum
421 1782 533 1858 magnis
548 1782 710 1840 stridoribus
723 1800 828 1857 aequor,

11 1929 14 1940 .
110 1885 189 1963 Julia
203 1886 259 1961 qua
271 1895 359 1961 ponto
371 1885 458 1960 longe
471 1883 551 1942 sonat
562 1886 640 1942 unda
651 1885 754 1952 refuso,

110 1987 334 2064 Tyrrhenusque
347 1987 428 2045 fretis
440 1987 598 2044 inmittitur
610 1989 689 2044 aesius
702 1985 843 2044 Auernis?

111 2092 186 2148 Haec
198 2091 298 2148 cadem
312 2091 423 2167 argenti
437 2089 511 2147 rivos
524 2091 644 2164 aerisquc
656 2088 773 2146 metalla

111 2193 246 2250 Ostendit
258 2193 349 2262 venis,
370 2201 455 2269 atquc
468 2211 536 2250 auro
549 2191 673 2269 plurima
685 2191 780 2250 fluxit.

112 2295 185 2354 Haec
206 2315 295 2372 genus
315 2305 379 2354 acre
398 2295 503 2375 tirum,
529 2294 648 2366 Marsos,
673 2297 841 2370 pubemque
858 2296 907 2354 Sa-

191 2399 305 2467 bellam,

112 2501 330 2578 Adsuetamque
342 2502 418 2560 malo
432 2502 579 2578 Ligurem,
592 2500 765 2575 Volscosque
778 2509 902 2570 verutos,
917 2511 926 2526 ·

112 2605 240 2677 Extulit,
255 2605 317 2662 haec
324 2605 438 2674 Decios,
447 2605 564 2672 Marios,
572 2623 748 2680 magnosque
758 2603 907 2672 Camillos,

114 2707 268 2784 Scipiadas,
286 2709 371 2764 duros
383 2707 459 2764 bello
464 2731 472 2778 ς
495 2717 524 2764 et
536 2716 573 2777 te,
594 2723 729 2763 maxume
742 2705 846 2776 Cacsar,

114 2811 188 2880 Qui,
209 2829 286 2868 nunc
299 2809 435 2868 extremis
447 2809 523 2868 Asiae
531 2807 592 2886 jam
604 2808 695 2866 vietor
707 2807 737 2864 in
752 2806 817 2878 oris,

111 2913 256 2970 Inbellem
268 2911 371 2970 avertis
385 2912 518 2970 Romanis
531 2911 643 2970 arcibus
655 2911 770 2967 Indum.

1 3075 2 3080 ,
113 3015 207 3084 Salve,
227 3035 332 3092 magua
344 3033 445 3092 parens
458 3015 585 3091 smgum,
605 3011 735 3072 Saturnia
749 3010 849 3068 tellus!

114 3119 227 3198 Magna
239 3117 347 3180 virum:
370 3117 425 3177 tibi
438 3136 481 3177 res
494 3117 619 3195 antiquae
631 3114 723 3176 laudis
736 3123 765 3174 et
779 3115 848 3174 artis
