2236 3584
171 215 226 268 128
473 205 542 266 CU
555 205 580 266 L
593 204 668 268 EX.
879 225 908 265 v.
921 213 967 278 17.

143 418 149 426 .
169 363 355 440 Castaliaeque
368 365 468 422 sonans
480 365 592 441 liquido
604 365 677 442 pede
689 362 796 422 labitur
808 364 895 422 unda.

211 467 318 537 Quare,
339 467 425 526 Pierii
438 468 531 525 laticis
544 469 640 536 decus,
661 467 711 535 ite,
731 466 837 524 sorores

170 569 289 639 Naides,
311 578 341 626 et
354 571 494 628 celebrate
505 571 593 630 deum
605 558 759 646 plaudente
772 567 883 626 eborea.

169 670 208 728 Et
220 671 286 740 tibi,
307 671 399 730 sancta
413 672 503 743 Pales,
520 674 557 730 ad
569 691 656 748 quam
668 680 788 730 ventura
800 669 923 728 recurrit

169 773 324 850 Agrestum
337 777 411 832 bona
424 793 502 843 cura,
521 773 601 850 sequi
614 775 649 831 fit
662 793 729 831 cura
742 773 865 831 tenentis

168 873 271 934 Aerios
285 895 435 934 nemorum
449 877 562 945 iratius,
582 877 718 952 silvasque
731 877 866 933 virentes:

169 977 214 1036 Te
227 977 347 1035 cultrice
359 997 447 1054 vagus
460 979 545 1040 saltus
558 979 633 1036 feror
645 979 729 1046 inter,
750 987 780 1035 et
793 987 884 1036 antra.

207 1082 251 1138 At
265 1092 306 1152 tu,
327 1082 374 1140 cui
387 1081 496 1140 meritis
509 1081 599 1139 oritur
611 1082 716 1138 fiducia
730 1081 844 1151 chartis,

168 1183 271 1242 Octavi
284 1184 452 1250 venerande,
472 1184 543 1241 meis
556 1183 687 1242 adlabere
700 1183 810 1258 creptis,

169 1286 270 1344 Sancte
279 1305 363 1362 puer:
379 1287 434 1343 tibi
445 1305 569 1362 namque
579 1285 657 1343 canit
668 1305 726 1342 non
734 1286 839 1362 pagina
847 1285 966 1354 bellum,

169 1387 290 1464 Phlegra
303 1389 445 1464 Giganteo
458 1388 549 1464 sparsa
562 1390 602 1444 est
615 1408 673 1462 quo
686 1388 825 1463 sanguine
837 1389 920 1445 tellus
927 1413 936 1460 5

169 1491 234 1548 Nec
247 1491 420 1547 Centaureos
434 1489 568 1566 Lapithas
582 1491 718 1565 conpellit
730 1491 761 1549 in
773 1491 859 1562 enfis3
938 1516 939 1524 ¹

168 1593 237 1651 Urit
250 1588 449 1649 Erichthonias
463 1591 565 1649 Oriens
579 1610 637 1648 non
644 1592 764 1667 ignibus
778 1611 853 1648 arces
858 1615 868 1662 ς

167 1695 237 1754 Non
251 1695 386 1772 perfoffus
397 1694 500 1763 Athos,
514 1713 567 1751 nec
580 1713 686 1770 magno
698 1693 814 1755 vincula
827 1696 919 1751 Ponto

169 1797 259 1875 Ja'da,
279 1817 344 1853 meo
357 1806 486 1872 quaerent
493 1795 555 1872 jam
568 1796 627 1852 sera
639 1796 787 1853 volumine
800 1795 922 1865 farnam5

167 1900 236 1957 Non
251 1898 454 1987 Hellespontup
467 1899 586 1974 pedibus
599 1897 727 1974 pulsatus
741 1917 891 1973 equorum,

167 2001 279 2058 Graecia
293 2020 360 2058 cum
373 2000 625 2088 timuitovenientis
638 2001 767 2076 undique
778 2000 886 2057 Persas:

167 2103 270 2162 Mollia
284 2104 331 2161 sed
344 2103 425 2161 tenui
438 2122 600 2180 percurrere
612 2103 737 2159 carmina
751 2102 842 2169 versu,

168 2206 287 2264 Viribus
300 2217 365 2282 apta
378 2207 444 2274 suis,
458 2206 564 2262 I’boebo
578 2215 607 2260 et
620 2206 693 2261 duce
705 2205 812 2272 ludere,
826 2205 939 2280 gaudet.

168 2309 206 2366 Et
220 2319 261 2376 tu,
281 2308 375 2365 sancte
388 2327 468 2385 puer,
481 2307 660 2374 venerabilis,
681 2319 709 2364 et
723 2307 777 2365 tibi
786 2317 881 2385 certet

167 2410 265 2467 Gloria
278 2419 449 2485 perpetuum
461 2409 533 2466 lucis
545 2410 676 2467 mansura
689 2429 740 2486 per
753 2429 859 2480 aevum3

166 2513 205 2570 Et
218 2511 273 2568 tibi
286 2511 350 2568 sede
362 2511 537 2587 parmaneat
550 2512 638 2580 locus,
658 2523 688 2569 et
702 2513 755 2570 tibi
769 2513 860 2588 sospes

167 2615 274 2672 Debita
287 2605 379 2670 felicis
392 2623 567 2670 memoretur
578 2615 638 2672 vita
651 2634 703 2691 per
715 2633 813 2682 annue,

164 2716 255 2774 Grata
269 2717 350 2772 bonis
363 2716 471 2779 lucens.
512 2717 565 2773 Sed
578 2736 629 2774 nos
642 2718 678 2776 ad
691 2727 783 2793 coepta
797 2717 932 2776 feramur.

206 2819 312 2894 Igneus
325 2817 429 2876 Oeteas
437 2817 499 2895 jam
512 2817 552 2875 sol
565 2829 726 2894 penetrarat
738 2819 769 2875 in
782 2819 863 2887 arcis,

167 2921 354 2996 Candidaque
369 2930 468 2978 aurato
481 2921 628 2996 quatiebat
640 2920 748 2978 lumina
762 2939 862 2993 curru;

168 3023 305 3079 Crinibus
319 3032 349 3078 et
361 3021 445 3080 roseis
459 3024 589 3080 tenebras
601 3023 713 3080 Aurora
726 3023 866 3098 fugaratz.

168 3124 296 3199 Propulit
308 3134 341 3182 ut
355 3124 471 3183 stabulis
483 3123 635 3202 adpabula
647 3124 713 3196 laeta
726 3123 846 3202 capellas
