2194 3584
227 225 277 300 4''
474 243 775 311 Buconica
930 236 1019 297 aco.

229 393 267 452 Et
280 393 351 452 freta
364 396 514 456 destituent
527 400 616 457 nudos
629 398 660 456 in
673 398 756 456 litore
768 395 866 474 piscis;

228 497 316 564 Ante,
335 500 483 574 pererratis
496 503 645 560 amborum
658 500 772 567 finibus,
792 496 871 556 exsul

228 599 291 656 Aut
302 601 419 658 Ararim
433 601 550 659 Parthus
563 602 651 670 bibet,
661 611 711 665 aut
724 598 878 658 Germania
890 596 1020 674 Tigrim

230 699 332 758 Quam⁴
341 701 433 760 nostro
445 702 521 760 illius
534 703 645 761 labatur
657 703 771 780 pectore
782 701 883 760 voltus.
1019 689 1021 694 ⁵

506 804 508 810 ’
539 825 716 864 narramus.

228 905 272 963 At
285 925 334 962 nos
347 905 415 962 hinc
429 905 478 963 alii
491 907 610 964 sitientis
623 907 729 964 ibimus
743 907 843 977 Afros3
868 974 870 980 y

229 1009 294 1065 Pars
303 991 448 1084 Scythiam
457 1017 486 1066 et
498 1009 630 1086 rapidum
640 1010 732 1067 Cretae
741 1008 886 1066 veniemus
899 1006 1022 1074 Oaxem,

228 1111 267 1166 Et
279 1111 391 1186 penitus
405 1120 465 1168 toto
477 1111 577 1169 divisos
591 1095 658 1168 orbe
669 1111 829 1172 Britannos.
917 1151 920 1157 -

230 1212 291 1270 Enl
314 1231 451 1288 umquam
465 1213 570 1289 patrios
582 1213 668 1289 longo
680 1213 741 1289 post
755 1223 880 1288 tempore
893 1211 969 1281 finis,

229 1313 363 1389 Pauperis
377 1323 406 1370 et
419 1315 515 1389 tuguri
528 1314 691 1390 congestum
704 1313 808 1390 cespite
821 1313 944 1380 culmen,

229 1415 292 1490 Post
305 1414 421 1490 aliquot,
435 1435 498 1472 mea
512 1435 597 1490 regna
610 1416 707 1474 videns
721 1416 853 1483 mirabor,
868 1400 982 1472 aristas?

229 1515 328 1594 inpius
341 1516 402 1573 haec
415 1526 473 1574 tam
486 1517 561 1574 culta
574 1518 685 1576 novalia
699 1517 780 1575 miles
792 1516 929 1574 habebit?

228 1619 366 1676 Barbarus
379 1619 429 1676 has
443 1617 564 1694 segetes?
586 1621 637 1676 en!
660 1639 717 1694 quo
730 1619 866 1676 discordia
879 1618 951 1677 civis

229 1719 365 1778 Perduxit
377 1719 504 1777 miseros!
527 1739 572 1789 en,
586 1722 649 1796 quis
662 1721 836 1778 consevimus
850 1721 945 1796 agros!
1067 1769 1068 1783 r

179 1825 188 1838 ⁴
229 1801 323 1879 Insere
336 1841 421 1889 nunc,
441 1821 591 1890 Meliboee,
606 1823 693 1898 piros!
716 1841 789 1898 pone
803 1821 902 1880 ordine
912 1822 995 1880 vitis!
1066 1877 1067 1891 ¹

183 1967 186 1974 .
229 1924 282 1992 Ite,
302 1943 382 1993 meae‚
401 1922 473 1980 selix
487 1924 631 1998 quondam
644 1943 736 2001 pecus,
756 1925 805 1993 ite,
826 1925 953 2002 capellae:
1065 1965 1066 1997 r

228 2026 298 2084 Non
312 2043 367 2102 ego
378 2045 428 2082 vos
440 2023 564 2102 posthac,
577 2025 663 2082 viridi
675 2025 814 2101 projectus
826 2025 858 2082 in
872 2034 963 2094 antro,
1064 2059 1065 2105 r

227 2127 357 2187 Dumosa
368 2127 492 2203 pendere
504 2127 603 2203 procul
616 2128 652 2183 de
664 2145 734 2202 rupe
747 2127 859 2186 videbo.
1063 2159 1064 2213 r

230 2231 366 2288 Carmina
379 2229 458 2286 nulla
471 2247 585 2286 canam:
608 2247 675 2297 non,
686 2247 733 2284 me
742 2228 884 2304 pascente,
897 2230 1024 2306 capellae,
1062 2255 1063 2321 r

230 2332 392 2390 Florentem
405 2329 528 2407 cytisum
540 2339 570 2387 et
583 2329 680 2386 salices
693 2329 813 2406 carpetis
826 2349 944 2388 amaras.
1060 2359 1062 2429 Α

553 2452 698 2490 surinus.

230 2539 290 2596 Hic
300 2547 396 2596 tamen
406 2537 480 2594 hanc
490 2555 604 2594 mecum
612 2535 718 2612 poteris
726 2535 900 2612 requiescere
910 2537 1026 2595 nostem

230 2640 341 2699 Fronde
354 2639 437 2715 super
448 2637 533 2695 viridi
539 2663 548 2708 ;
570 2637 635 2695 sunt
649 2638 730 2695 nobis
742 2638 825 2696 mitia
837 2657 932 2715 poma,

231 2743 375 2800 Castaneae
387 2741 496 2808 molles,
515 2749 546 2796 et
557 2739 638 2816 prelii
652 2739 732 2816 copia
745 2740 840 2798 lastis:

231 2848 270 2905 Et
278 2844 338 2922 jam
353 2843 462 2900 summa
475 2841 574 2918 procul
587 2841 720 2898 villarum
733 2842 859 2900 culmina
872 2843 999 2920 firmant,

233 2944 414 3034 Majoresque
426 2944 532 3002 cadunt
544 2942 609 3000 altis
621 2943 657 3000 de
669 2943 815 3004 montibus
827 2947 945 3004 umbrae.
