2208 3574
142 205 252 309 vnn.
422 201 634 306 urunt.
881 245 937 302 ne

142 391 334 469 Suspensum,
343 392 376 450 'et
387 391 495 470 pariter
506 375 667 470 comitique,
681 389 939 472 onerique'timen-

258 503 326 552 tem.

179 599 303 675 Jamque
315 597 543 675 propinquabam
556 601 654 676 portis,
673 619 848 678 omnemque
860 597 939 662 vide·

257 703 310 758 bar

139 803 263 861 Evasiffe'
273 803 365 876 viam;
387 805 483 862 subito
496 823 588 880 quum
601 810 701 866 creber
712 809 749 866 ad
762 809 838 866 auris

138 911 229 969 Visus·
238 908 452 992 adeffe‘pedum
462 913 585 971 sonitus:
608 912 786 988 genitorque,
809 931 861 990 per
872 931 937 971 um-

255 1018 337 1074 bram
755 1009 756 1012 ¹

138 1117 321 1194 Prospiciens‚
341 1119 430 1190 Nate,
448 1121 599 1188 exclamat,
617 1117 697 1196 fuge,
715 1127 799 1191 nate,
819 1114 938 1197 propin·

255 1231 363 1298 quant:

138 1325 276 1382 Ardentis
289 1325 404 1403 clipeos,
425 1335 512 1402 atque
525 1343 580 1384 aera
596 1325 743 1394 micantia,
763 1328 857 1384 cerno.

176 1429 235 1486 Hic
256 1429 339 1498 mihi,
367 1426 569 1506 nescioquod,
596 1427 805 1506 trepido'male
828 1429 936 1488 numen

243 1528 383 1590 'amicum
494 1589 497 1594 .

137 1633 293 1692 Confusam
306 1635 413 1712 eripuit
424 1645 568 1694 mentem:
591 1637 730 1711 namque,
745 1634 809 1694 avia
821 1635 905 1694 cursu

136 1735 217 1794 Dum
228 1737 347 1812 sequor,¹
360 1748 390 1796 et
403 1737 471 1798 noti
483 1737 592 1797 excedo
605 1738 722 1815 regione
735 1737 857 1808 viarum,

92 1867 106 1874 ··
135 1840 218 1898 Heul
239 1841 345 1900 misero
358 1841 493 1918 conjunx,
513 1843 612 1900 fatone
624 1852 732 1918 crepta,
754 1841 861 1898 C‘reiisa

137 1943 276 2013 Substitit,
296 1944 438 2004 erravitne
451 1945 507 2016 vii,
527 1945 576 2003 seu
589 1945 656 2004 lassa
669 1943 784 2014 resedit,

135 2046 296 2104 Incertum:
319 2067 373 2106 nec
385 2049 446 2126 post
458 2049 548 2108 oculis
562 2048 601 2106 est
611 2048 725 2106 ¹reddita
737 2047 850 2119 nostris,

134 2149 201 2207 Nec
213 2151 291 2226 prius
304 2151 432 2210 amissam
442 2149 574 2229 respexi]
583 2152 748 2210 animumve
761 2150 871 2220 reflexi,

136 2253 235 2312 Quam
249 2255 394 2314 tumulum
407 2245 533 2333 antiquae
546 2253 657 2314 Cereris
675 2254 829 2329 sedemque
841 2247 934 2312 sacra·

253 2367 313 2416 tam

134 2451 288 2518 Venimus':
310 2460 359 2520 hic
372 2461 491 2520 demum
499 2456 637 2522 ¹conlectis
650 2458 783 2518 omnibns
796 2457 854 2516 nn'a

134 2563 251 2634 Defuit,
274 2572 305 2620 et
316 2563 445 2634 comites,
463 2568 630 2641 natumque,
644 2563 805 2638 virumque,
817 2561 932 2619 fefellit.

135 2653 233 2723 o'uem
245 2683 305 2723 non
317 2665 444 2724 incusavi
459 2664 557 2725 amens
573 2665 790 2739 hominumque,
802 2665 933 2722 deorum·

250 2771 323 2843 que?

133 2868 198 2925 Aut
209 2867 280 2944 quid
291 2869 323 2928 in
337 2869 512 2951 eversividi'
519 2869 662 2928 crudelius
675 2869 762 2926 urbe?

133 2967 301 3040 Ascanium,
320 2971 665 3049 Anchisenqne‘patrcm,
684 2972 868 3046 Teucrosque
881 2973 932 3036 Pe·

249 3082 330 3131 nater

132 3172 303 3234 Conmendo
315 3174 407 3249 sociis,
427 3184 457 3235 et
470 3176 556 3237 curva
569 3175 644 3244 valle
657 3175 794 3234 recondo:
