2194 3584
172 213 210 274 46
406 215 732 286 GEORGICON,
858 225 965 276 ΗΜ.

169 369 234 430 Nec
247 376 356 444 torpere
369 371 448 446 gravi
461 372 552 448 passus
566 371 614 431 sua
627 392 715 448 regna
727 379 852 430 veterno.

208 473 288 529 Ante
301 473 402 548 Jovern
414 475 485 530 nulli
498 475 668 550 subigebant
681 493 746 532 arva
757 474 866 532 coloni:

169 573 218 630 Ne
232 573 340 648 signare
353 575 471 649 quidem
484 585 534 634 aut
545 577 644 653 partiri
657 577 749 634 limite
762 581 896 652 campum

169 674 222 732 Fas
235 684 307 732 erat:
330 675 362 732 in
375 677 502 734 medium
516 681 681 754 quaerebant
685 705 693 750 3
714 679 832 755 ipsaque
843 678 927 738 tellus

170 775 278 834 Omnia
290 777 415 847 liberius,
435 780 515 838 nullo
529 781 670 857 poscente,
690 781 807 838 serebat.

104 911 105 914 =
170 877 224 934 Ille
237 879 346 936 malum
357 879 434 938 virus
447 881 622 957 serpentibus
636 879 746 940 addidit
759 881 837 948 atris,

150 977 153 990 ¹
171 981 348 1064 Praedarique
360 981 442 1058 lupos
451 981 538 1058 juffit,
558 992 735 1058 pontumque
748 982 855 1042 moveri
861 1007 875 1059 5¹

170 1082 317 1157 Mellaque
330 1083 448 1140 decuffit
460 1083 546 1151 soliis,
566 1084 721 1159 ignemque
733 1085 865 1158 removit,

170 1187 209 1243 Et
220 1185 319 1262 paffim
332 1186 401 1244 rivis
413 1187 556 1244 currentia
569 1187 635 1244 vina
647 1188 784 1264 repreffit:

170 1288 214 1346 Ut
226 1287 316 1346 varias
329 1287 394 1346 usus
407 1289 571 1346 meditando
584 1289 754 1348 extunderet
765 1287 835 1347 artis

172 1389 332 1458 Paullatim,
346 1399 375 1446 et
388 1389 469 1458 sulcis
482 1391 621 1457 frumenti
635 1401 772 1466 quaeneret
785 1393 920 1462 herbam5

155 1543 157 1552 s
171 1491 216 1550 Ut
229 1491 313 1548 filicis
326 1492 406 1550 venis
420 1491 576 1550 abstrusum
589 1489 743 1551 excuderet
755 1494 863 1570 ignem.

134 1637 135 1648 ,
171 1594 256 1651 Tuuc
269 1595 349 1651 ‘alnos
362 1594 444 1652 fluvii
457 1595 584 1670 primurn
597 1591 704 1654 sensere
717 1605 843 1667 cavatas,
930 1611 933 1616 ‘

172 1697 280 1756 Navita
294 1707 357 1754 tum
369 1682 454 1754 stellis
468 1711 599 1754 nurneros
612 1709 641 1755 et
653 1699 771 1755 nomina
783 1698 866 1768 fecit,

172 1801 308 1867 Pleiadas,
329 1799 455 1874 Hyadas,
473 1797 635 1874 claramque
649 1801 788 1876 Lycaonis
801 1800 922 1858 Areon,

170 1903 248 1959 Turn
263 1899 372 1976 laqueis
385 1911 497 1976 captare
509 1901 591 1969 seras,
611 1911 641 1958 et
653 1902 752 1960 fallere
765 1901 850 1972 visco,

64 2073 67 2079 Ι
171 2004 335 2071 Inventum,
352 2009 381 2058 et
394 2020 513 2077 magnos
527 2003 644 2060 canibus
658 2003 834 2062 circumdare
847 2003 946 2062 saltus:

171 2106 270 2180 Atque
283 2101 354 2162 alius
367 2105 459 2162 latum
471 2105 560 2162 sunda
570 2104 631 2181 jam
644 2108 771 2163 verberat
786 2125 909 2174 amnem,

171 2209 241 2266 Alta
253 2217 354 2284 petens
366 2207 524 2283 pelagoque
538 2207 608 2264 alius
624 2207 710 2264 trahit
723 2207 842 2264 humida
855 2208 924 2265 lina.

169 2313 248 2368 Tum
260 2309 329 2366 ferri
341 2309 427 2384 rigor,
447 2319 531 2384 atque
544 2319 650 2383 argutae
663 2309 769 2366 lamina
782 2310 864 2368 senae
871 2335 880 2380 ς

173 2413 266 2486 (Nam
279 2411 364 2487 primi
378 2410 476 2468 cuneis
489 2409 654 2470 scindebant
666 2409 746 2466 fislile
758 2411 885 2486 lignum)

171 2517 250 2574 Tum
263 2515 347 2572 variae
359 2531 463 2571 venere
476 2521 561 2570 artes:
584 2513 664 2568 labor
676 2513 773 2571 omnia
787 2513 859 2570 vicit

172 2619 321 2692 Inprobus,
341 2624 371 2672 et
384 2614 461 2676 duris
474 2632 598 2690 urguens
612 2613 643 2669 in
657 2616 738 2671 rebus
752 2615 867 2690 egestas.

172 2719 266 2776 Prima
280 2719 364 2776 Ceres
378 2717 453 2774 ferro
466 2715 594 2774 mortalis
606 2725 714 2772 vertere
728 2725 832 2774 terram

173 2821 300 2878 Instituit
305 2845 314 2891 5
335 2837 424 2895 quum
433 2817 495 2895 jam
508 2817 625 2893 glandes
639 2826 724 2891 atque
738 2820 838 2876 arbuta
852 2819 936 2878 sacrae

172 2921 337 2980 Deficerent
350 2921 433 2991 silvae,
453 2929 482 2978 et
495 2919 603 2978 vibium
616 2920 738 3004 Dodona
751 2931 877 2996 negaret.

172 3024 246 3081 Mox
259 3033 288 3080 et
301 3023 452 3081 frumentis
464 3023 543 3080 labor
555 3021 684 3094 additus,
705 3031 739 3080 ut
751 3023 827 3082 mala
840 3025 948 3084 culmos

101 3166 103 3170 ,
173 3124 249 3182 Esset
262 3125 371 3202 robigo,
392 3123 541 3200 segnisque
555 3123 681 3182 horreret
695 3123 726 3182 in
740 3125 813 3184 arvis
896 3143 899 3150 ’
