2208 3574
125 216 153 258 v.
167 205 232 258 145.
433 195 532 252 LIB.
571 193 611 250 11.
856 195 925 268 aar

163 352 220 410 His
227 349 352 409 lacrimis
361 349 451 408 vitam
461 349 568 416 damus,
578 355 609 404 et
616 342 820 403 miserescimus
829 344 913 404 ultro.

125 453 188 532 Ipse
200 453 262 513 viro
274 453 381 529 primus
393 451 517 510 manicas
529 458 615 525 atque
627 458 686 506 arta
699 447 785 505 levari

124 557 229 614 Vincla
237 555 321 633 jubet
333 555 458 613 Priamus
464 579 473 626 5
494 552 633 627 diffisque
644 551 686 609 ita
698 550 775 608 satur
787 549 911 608 amicisz'

127 659 265 735 Quisquis
277 678 316 730 es,
336 657 447 716 amiffoa
459 656 526 713 binc
535 653 596 731 jam
608 651 773 712 obliviscere
785 651 899 723 Graium

1 829 2 838 χ
125 761 230 821 Noster
242 742 307 819 erir':
330 760 459 835 mihique
473 759 534 818 hac
545 757 661 814 edissere
673 775 739 814 vera
751 755 875 832 roganti.

127 865 197 922 Quo
209 865 314 922 molem
324 864 398 921 hanc
408 861 530 920 inmanis
541 859 608 934 equi
619 859 752 916 statuere?
773 858 836 934 quia
849 877 915 917 auc·

206 970 264 1024 tor?

130 1069 246 1128 Quidve
263 1070 384 1145 petunt?
411 1086 474 1143 quae
492 1065 613 1141 religio?
634 1074 684 1122 aut
702 1083 766 1140 quae
784 1063 917 1124 machina

207 1171 291 1230 belli?

130 1274 258 1333 Dixerat.
297 1273 350 1330 Ille
363 1271 435 1330 dolis
446 1271 605 1340 instruciun
623 1279 654 1328 et
666 1279 726 1328 arte
738 1269 862 1348 Pelasga,

131 1377 256 1447 Sustulit,
275 1384 373 1434 exutas
385 1375 495 1445 vinclis,
514 1376 550 1434 ad
563 1374 649 1432 srdera
662 1374 786 1450 palmae:

171 1481 238 1548 Vos,
258 1479 357 1538 aeterni
370 1478 459 1556 ignes,
478 1488 508 1536 et
520 1495 579 1535 non
590 1476 723 1534 violabile
735 1477 856 1542 vestrum

131 1582 229 1640 Testor
241 1599 357 1649 numen,
377 1582 430 1639 eit:
454 1601 514 1652 voc,
534 1599 597 1649 arae,
615 1578 750 1656 ensesque
763 1577 890 1649 nefandi,

133 1687 215 1744 Quos
227 1685 307 1762 sugi3
327 1683 463 1760 vittaeque
475 1684 571 1754 dedm,
591 1701 660 1758 quaa
672 1681 761 1740 hostia
774 1683 856 1760 geffi3

132 1788 184 1846 Fas
196 1787 270 1846 mihi
282 1786 434 1845 Graiorum
447 1787 552 1844 sacrata
564 1785 702 1844 resolvere
709 1784 783 1862 jura,

133 1892 185 1950 Far
196 1890 284 1949 odisse
297 1890 379 1961 viros,
400 1899 485 1966 atque
498 1887 593 1946 omnia
606 1889 679 1945 serre
691 1887 743 1944 sub
755 1905 844 1956 auras,

70 1983 73 1988 ¹
135 1995 165 2052 Si
178 2014 234 2071 qua
247 2003 348 2070 tegunt
355 2018 364 2063 3
385 2001 483 2050 teneor
495 1991 593 2068 patriae
606 2009 659 2048 uec
671 1990 782 2067 legibue
795 1991 869 2048 ullis.

133 2098 182 2156 Tu
194 2097 279 2154 modo
291 2094 429 2172 promidi:
441 2113 563 2164 maneas,
583 2093 747 2170 servataque
759 2093 851 2152 serves
901 2124 906 2134 ·

134 2199 219 2276 Troja
232 2199 332 2270 fidem3
354 2198 453 2256 fivcra
465 2198 565 2267 seram,
585 2197 723 2274 fimagna
736 2199 895 2275 rependam.

173 2301 276 2361 Omnia
287 2301 349 2378 spes
361 2301 505 2370 Danaum,
525 2309 555 2358 et
566 2299 654 2376 coepti
666 2299 771 2358 fiducia
785 2301 863 2369 belli,

135 2404 256 2464 Palladia
267 2403 382 2462 auxiliis
394 2405 502 2482 semper
513 2402 596 2460 sletit.
635 2402 735 2479 Inpius
747 2421 784 2462 ex
796 2422 856 2478 quo

135 2509 261 2584 Tydides
273 2508 321 2566 sed
333 2507 412 2565 enim
423 2507 617 2582 scelerumque
629 2505 761 2564 inventor
774 2507 874 2566 Ulixes

135 2611 232 2670 Fatale
242 2609 362 2688 adgressi
374 2611 481 2670 sacrato
493 2609 614 2668 avellere
626 2607 734 2685 templo

55 2793 59 2800 .
136 2715 303 2784 Palladium,
324 2714 398 2772 caefis
410 2713 528 2771 summae
539 2711 700 2770 custodibus
712 2710 793 2778 arcia,

137 2817 311 2894 Conripuere
323 2815 428 2875 sacram
441 2815 578 2892 effigiem,
599 2813 786 2888 manibusque
804 2811 926 2872 cruentis

137 2919 289 2996 Virgineus
301 2919 360 2978 aufi
373 2918 446 2978 divae
458 2917 625 2994 contingere
636 2916 735 2987 vittam

138 3022 183 3080 Ex
195 3022 246 3080 illo
259 3023 356 3090 fluere,
374 3040 408 3080 ac
420 3031 495 3078 retro
506 3019 635 3096 sublapsa
647 3017 755 3089 referri,

139 3125 206 3216 Spes
218 3125 370 3196 Danadrn5
390 3124 485 3184 fracia
497 3123 585 3192 vireu,
599 3121 692 3180 aversa
704 3121 765 3179 deae
777 3139 873 3188 ruens.=
