2236 3584
164 231 221 290 126
396 225 726 290 GEORGICON.
803 283 805 288 .
854 237 960 289 uera.

163 359 234 456 Posti
253 388 305 446 ubi
317 406 393 444 nona
406 387 469 445 suos
482 389 593 446 Aurora
605 387 758 445 induxerat
771 394 858 456 ortus,

162 487 283 548 Inferias
295 489 406 566 Orphei
418 489 520 558 mittit,
540 489 697 564 lucumque
709 487 813 547 revisrt.

163 592 223 650 Hic
234 611 311 660 vero,
331 591 459 650 subitum
471 609 504 649 ac
518 591 596 649 dieu
609 591 742 648 mirabile
754 591 925 650 monstrum!
1039 586 1041 592 ’

163 687 338 770 Adspiciunt
349 693 504 770 liquefa&
518 695 607 751 bourn
619 712 671 770 per
683 692 788 751 viscera
801 701 863 752 toto

163 796 287 854 Stridore
301 815 367 872 apes
379 804 471 865 utero,
491 804 521 852 et
534 795 625 872 ruptis
639 795 775 854 effervere
785 795 878 866 coitis3
936 869 938 874 Ι

163 899 363 974 Inmensasque
376 897 451 955 trahi
464 899 554 955 nubes
558 925 566 971 ;
585 896 702 973 jamque
712 900 811 958 arbore
823 897 933 956 summi

164 1002 326 1070 Confluere,
345 1009 376 1058 et
387 999 473 1058 lentis
486 1017 571 1058 uvarn
584 998 735 1058 demittere
747 999 841 1058 ramis.

202 1174 274 1232 Haec
282 1173 365 1250 super
374 1191 505 1231 arvorum
518 1171 598 1238 cultu
607 1191 799 1249 pecorumque
811 1177 958 1243 canebam,

163 1300 202 1356 Et
213 1300 296 1378 super
308 1299 468 1369 arboribus3
490 1297 662 1356 Caesardum
675 1315 797 1376 magnus
808 1301 844 1357 ad
856 1301 948 1360 altum

164 1425 310 1484 Fulminat
322 1425 488 1509 Euphraten
501 1425 587 1494 bello,
606 1424 753 1501 vittorque
765 1425 887 1486 volentis

164 1549 216 1608 Per
227 1549 346 1626 populos
361 1549 410 1606 dat
418 1546 493 1626 jura,
513 1547 646 1624 viamque
659 1547 782 1606 adfettat
794 1515 929 1627 Olympo.

163 1649 219 1732 Ilio
231 1673 390 1750 Virgilium
402 1693 449 1730 me
463 1682 591 1750 tempore
603 1672 695 1730 dulcis
708 1673 802 1732 alebat

111 1769 115 1778 Δ
163 1800 350 1876 Parthenope,
370 1799 467 1857 studiis
480 1800 630 1857 florentem
637 1799 777 1876 ignobilis
790 1800 844 1872 oti3

163 1925 299 1984 Carmina
312 1923 363 2000 qui
376 1925 427 1982 iufi
440 1925 591 2001 pastorum,
611 1925 760 2001 audaxque
769 1924 897 2002 juventi,

162 2051 272 2128 Tityre,
293 2060 321 2108 te
333 2051 439 2127 patulae
450 2050 543 2108 cecini
555 2049 608 2109 sub
621 2029 748 2128 tegmine
762 2049 831 2130 fagi.
