2236 3584
134 239 245 311 v.9o.·
442 239 539 298 urs.
580 239 633 298 lv,
879 250 939 312 109

137 395 274 469 Namque
287 394 351 452 aliae
365 403 460 473 turpes
473 397 590 455 horrent
594 421 603 468 3
625 415 687 466 ceu,
700 379 817 474 pulvere
827 397 863 454 ab
877 395 936 453 alto

137 496 241 554 Quum
253 497 342 565 venit,
363 507 392 554 et
406 499 477 556 sicco
492 508 596 558 terram
609 499 685 576 spuit
698 519 750 560 ore,
759 499 851 557 viator

136 598 258 656 Aridus:
281 600 396 658 elucent
409 600 482 670 aliae,
501 613 531 659 et
543 603 656 678 fulgore
668 601 824 670 coruscant,
900 613 903 616 ’

136 703 280 762 Ardentes
294 721 362 759 auro
376 713 406 760 et
418 704 532 778 paribus
545 704 596 760 lita
610 723 724 780 corpora
739 703 838 780 guttis.

136 804 211 860 Haec
224 804 318 879 potior
329 803 455 862 suboles:
478 804 547 862 hinc
560 805 626 862 coeli
640 816 767 881 ternpore
780 813 858 862 certo

137 904 243 962 Dulcia
253 907 338 964 mella
348 925 458 982 premes
464 931 472 978 3
494 925 547 964 nec
558 915 671 964 tantum
679 907 783 977 dulcia,
794 915 936 982 quantum

138 1008 177 1064 Et
189 1007 308 1082 liquida,
329 1019 357 1065 et
371 1010 475 1066 durum
487 1009 593 1066 Bacchi
606 1009 748 1066 domitura
762 1009 899 1084 saporem.

177 1111 230 1179 At,
251 1129 342 1184 quum
360 1111 467 1168 incerta
481 1111 579 1168 volant
599 1111 728 1186 coeloque
747 1111 879 1169 examina
892 1111 938 1170 lu·

256 1212 339 1282 dunt,

141 1315 396 1390 contemnuntque
408 1315 495 1383 savos,
509 1325 539 1373 et
550 1315 657 1391 frigida
671 1316 744 1374 testa
755 1315 939 1392 relinquuntp.

139 1416 283 1492 Instabilis
296 1417 405 1493 animos
414 1418 483 1475 ludo
495 1417 659 1494 prohibebis
671 1417 766 1474 inani:

139 1519 205 1576 Nec
218 1511 338 1595 magnus
351 1519 501 1595 prohibere
513 1519 593 1577 labor
598 1543 606 1590 ς
629 1528 662 1577 tu
674 1519 789 1596 regibus
802 1520 860 1578 alas

140 1621 241 1698 Eripe:
263 1641 322 1680 non
335 1622 393 1678 illis
406 1621 556 1697 quisquam
568 1622 767 1681 cundantibus
781 1624 872 1684 altum

139 1724 185 1781 Ire
197 1724 262 1794 iter,
283 1733 333 1781 aut
346 1724 440 1782 castris
453 1723 571 1781 audebit
583 1725 686 1782 vellere
700 1725 786 1802 signa.

139 1826 270 1886 Invitent
282 1826 388 1884 croceis
400 1826 529 1884 halantes
541 1825 661 1883 floribus
673 1824 760 1893 horti,
788 1901 792 1910 ι
825 1813 828 1818 ’

140 1929 187 1999 Et,
202 1929 292 1986 custos
305 1929 403 1986 surum
416 1936 502 2002 atque
515 1926 621 1994 avium,
635 1947 702 1984 eum
715 1926 789 1984 falce
802 1927 912 2008 saligni

139 2030 366 2108 Hellespontiaci
379 2030 470 2088 servet
484 2029 573 2087 tutela
588 2028 688 2105 Priapi.
862 2029 866 2037 '

140 2134 213 2210 Ipse,
234 2133 367 2210 thymum
379 2133 519 2208 pinosque
532 2131 627 2188 serens
639 2132 675 2188 de
688 2132 833 2190 montibus
846 2132 920 2209 altis,

139 2238 230 2296 Testa
243 2237 317 2294 serat
329 2237 388 2293 late
401 2235 518 2302 circum,
538 2233 585 2290 cui
599 2233 667 2290 talia
681 2245 770 2306 curae3

140 2341 205 2417 Ipse
218 2342 315 2398 labore
328 2357 447 2397 manum
457 2339 528 2396 duro
542 2345 615 2395 terat
620 2361 629 2409 3
650 2337 710 2413 ipse
723 2339 824 2397 feracis

141 2445 227 2523 Figat
238 2446 329 2504 humo
341 2444 462 2520 plantas,
482 2451 512 2498 et
524 2440 630 2498 amicos
642 2440 748 2516 inriget
761 2441 869 2500 imbris.
939 2459 942 2470 ·

181 2552 280 2626 Atque
301 2547 445 2624 equidem,
464 2554 593 2603 extremo
606 2545 637 2602 ni
647 2545 708 2621 jam
724 2545 775 2602 sub
788 2545 847 2602 fine
860 2545 943 2609 lubo-¹

260 2671 325 2709 rum
724 2721 726 2728 y

142 2757 215 2815 Vela
228 2756 350 2823 traham,
370 2763 400 2812 et
413 2753 493 2810 terris
506 2752 638 2810 festinem
652 2753 797 2810 advertere
809 2769 922 2828 proram
928 2775 945 2825 3,

142 2862 269 2920 Forsitan
282 2867 320 2928 et,
340 2857 457 2934 pinguis
470 2857 566 2914 hortos
579 2875 644 2931 quae
656 2875 723 2912 cura
737 2855 850 2912 colendi

142 2965 278 3030 ornaret,
297 2979 438 3029 canerem,
457 2959 599 3033 biferique
612 2957 714 3016 rosaria
730 2958 823 3030 Paesli3

142 3069 272 3144 Quoque
285 3067 371 3124 modo
384 3063 459 3141 potis
472 3063 629 3140 gauderent
643 3063 742 3120 intuba
754 3061 830 3130 rivis,
939 3105 942 3110 .

141 3177 180 3234 Et
193 3174 297 3242 virides
310 3169 375 3248 apio
388 3169 472 3246 ripae3
494 3175 642 3244 tortusque
653 3183 705 3240 per
717 3165 836 3230 herbam
