2208 3574
102 205 222 258 tt'dw
379 197 509 255 ΓΗΒ.
532 196 587 254 'IL
837 201 911 266 227.

102 352 258 430 Adcipiens
271 345 395 410 sonitum
408 351 468 410 saxi
481 353 516 409 de
529 350 635 409 vortice
646 350 746 426 pastor.
815 379 819 386 ·
907 365 911 374 ’

100 447 178 514 Tum
192 474 257 512 vero
270 454 418 513 manifesta
430 455 510 522 fides,
530 455 720 528 Danaumque
732 451 882 529 patescunt

101 556 222 614 Iufidiae.
262 558 327 634 Jam
339 557 485 634 Deiphobi
497 557 578 614 dedit
589 555 683 631 ampla
695 549 818 624 ruinam,

101 659 230 718 Volcano
244 660 402 737 superante,
422 660 535 718 domus:
552 657 613 735 jam
626 678 782 735 proxumus
795 659 876 718 ardet
903 703 905 706 .

101 754 265 839 Ucalegon:
288 763 369 840 Sigea
382 763 447 839 igni
459 763 533 820 freta
545 762 602 820 lata
617 761 753 820 relucent.

101 865 236 923 Exoritur
248 866 410 940 clamorque
424 864 528 933 virum,
548 865 719 939 clangorque
736 863 881 926 tubarum.

101 969 192 1028 Arma
206 987 303 1035 amens
316 968 396 1044 capio
403 993 411 1038 ς
433 987 488 1026 nec
499 968 542 1026 sat
554 966 671 1024 rationis
684 967 715 1024 in
728 967 825 1039 armis3

8 1092 10 1100 ·
102 1071 155 1128 Sed
169 1067 327 1147 glomerare
346 1070 561 1141 manumhello,
582 1081 612 1127 et
625 1083 791 1129 concurrere
804 1070 835 1128 in
849 1087 895 1130 ar·

178 1185 251 1242 cem,

13 1291 15 1294 ·
101 1277 178 1334 Cum
189 1276 278 1344 sociia
292 1277 393 1333 ardent
405 1266 510 1333 animi:
533 1275 612 1332 furor
624 1273 723 1350 iraque
736 1285 865 1336 mentem

101 1377 282 1455 Praecipitant
286 1405 294 1450 3
307 1379 515 1456 pulchrumque
526 1379 599 1434 mori
609 1378 746 1436 succurrit
755 1379 786 1436 iu
797 1378 893 1440 armis.
989 1402 991 1408 ·

139 1483 226 1538 Ecce!
248 1481 423 1539 autem'telis
437 1481 562 1538 Panthu-s
575 1481 684 1557 elapsus
696 1481 850 1552 Achivom,

1 1601 2 1604 ’
101 1583 226 1647 Panthus
239 1583 408 1659 Othryades,
428 1584 500 1642 arcis
514 1583 671 1659 Phoebique
681 1577 828 1652 sacerdos,

100 1687 182 1743 Sacra
195 1705 291 1755 mauu,
301 1687 451 1762 'victosque
463 1687 539 1754 deos,
559 1703 735 1762 parvumque
749 1695 884 1762 nepotem
905 1716 907 1724 ¹
951 1664 955 1670 Ι

99 1788 164 1865 Ipse
176 1789 274 1858 trahit,
293 1790 431 1864 cursuque
444 1807 540 1846 amens
552 1789 588 1846 ad
600 1788 701 1846 limina
713 1789 816 1848 tendit.
903 1845 906 1848 .

101 1891 170 1948 Quo
190 1911 233 1949 res
252 1892 361 1950 summa
381 1893 454 1962 loco,
475 1891 603 1950 Panthu?
625 1909 712 1966 quam
729 1891 893 1968 prendimus
1007 1931 1010 1934 -

178 1997 289 2052 arcem?

101 2092 161 2154 Vix
173 2115 205 2154 ea
219 2096 295 2154 satus
308 2115 394 2165 eram,
414 2097 525 2173 gemitu
537 2115 628 2172 quum
641 2097 709 2160 talia
722 2097 832 2156 reddit>

1 2215 13 2284 ¹.
100 2197 190 2256 Venit
202 2198 313 2256 summa
325 2199 394 2268 diei,
414 2211 444 2256 et
456 2200 638 2258 ineluctabile
657 2208 777 2274 ternpus,

100 2299 262 2361 Dardania.
303 2301 420 2360 Fuimus
429 2302 530 2360 Trade:
552 2302 718 2370 fuitIlium,
737 2301 881 2378 eriugena
902 2359 903 2362 ,

76 2453 77 2456 ,
100 2403 198 2462 Gloria
210 2405 400 2462 Teucrorum:
422 2406 498 2464 ferus
509 2405 605 2462 omnia
618 2404 750 2481 Juppiter
761 2405 855 2480 Argos
932 2467 935 2472 ,

99 2505 269 2564 Transtulit:
291 2507 408 2566 incensi
420 2509 516 2566 Danai
528 2507 713 2566 dominantur
724 2506 757 2564 in
768 2509 848 2566 urhe.

1 2663 2 2670 ,
99 2609 216 2668 Arduus
229 2619 351 2668 armatos
363 2611 464 2668 mediis
476 2611 509 2668 in
522 2611 664 2671 moenibus
676 2609 786 2670 adstans

1 3235 3 3296 i

100 2712 207 2770 Fundit
219 2732 319 2788 equus,
338 2713 484 2789 victorque
499 2713 585 2772 Sinon
600 2713 732 2771 incendia
745 2711 853 2780 miscet,

101 2811 252 2872 Insultans.
293 2817 382 2874 Portis
394 2816 444 2874 alii
456 2815 651 2894 bipatentibus
663 2814 773 2882 adsunt,

101 2915 198 2974 Millia
210 2917 281 2992 quot
293 2919 404 2995 magnis
415 2937 554 2996 umquam
568 2937 668 2978 venere
680 2916 821 2994 Mycenis.

27 3053 29 3060 =
99 3017 245 3078 Obsedere
258 3021 307 3078 alii
322 3022 385 3078 telis
397 3024 513 3100 angusta
527 3023 637 3081 viarum

103 3119 249 3199 Oppositiz
270 3123 323 3182 siat
335 3105 403 3182 reia
415 3124 489 3183 acies
502 3141 638 3183 mucrone
651 3121 775 3191 corusco,
872 3173 874 3180 .
