2236 3584
198 204 255 310 mo
452 233 729 305 ruumnos,
877 241 986 294 assi.

195 391 319 451 Coufiiia
330 390 363 449 in
375 391 477 450 meiius
489 392 602 462 referet,
622 407 793 465 mecumque
806 388 919 448 fovebit

195 497 348 564 Romanos,
367 513 462 552 renam
473 496 613 563 dominos,
632 503 804 571 gentemque
817 503 952 570 togatam.

194 599 241 658 sic
253 598 402 675 placitum.
441 597 546 656 Veniet
557 597 649 656 lustris
661 597 822 656 labentibus
832 605 908 665 aetas,

196 703 298 761 Ouum
311 703 412 759 domus
425 700 549 760 Affaraci
563 700 706 771 Phthiam,
727 700 871 777 clarasque
885 701 986 777 Myce-

273 824 333 873 nas,

194 907 317 968 servitio
329 917 447 984 premet,
466 927 500 965 ae
511 906 592 966 vien
603 906 799 966 dominabitur
810 906 906 984 Argis.

194 1011 338 1072 Nascetur
350 1010 469 1088 pulchra
480 1009 620 1087 Troianus
633 1010 743 1087 origine
754 1010 856 1080 Caesar,

194 1115 351 1192 Imperium
363 1113 489 1184 Oceano,
508 1114 616 1172 famam
628 1113 679 1188 qui
692 1114 826 1172 tenninet
838 1112 924 1184 astris,

193 1216 297 1294 Julius,
317 1235 334 1273 a
346 1234 451 1292 magno
463 1215 612 1272 demissum
626 1233 729 1273 nomen
744 1215 820 1272 Iulo:

193 1319 283 1378 Hunc
297 1327 329 1376 tu
341 1317 411 1376 olim
424 1318 505 1388 coelo,
525 1317 621 1394 spoliis
632 1318 748 1376 orientis
760 1319 902 1389 onustum,

194 1421 330 1498 Adcipies
342 1421 452 1480 secura:
473 1421 622 1480 vocabitur
638 1421 687 1480 hic
699 1441 813 1498 quoquc
824 1421 907 1481 votis.

194 1525 304 1601 Aspera
317 1537 380 1583 tum
390 1525 485 1602 pofitis
497 1524 647 1584 mitescent
658 1524 758 1582 saecuia
771 1525 866 1582 bellis:

194 1629 275 1700 Cana
288 1627 378 1698 Fides,
399 1637 429 1686 et
440 1628 533 1697 Vesta,
554 1629 645 1688 Remo
657 1627 824 1686 cumfratre
836 1625 987 1698 Quirinus,

195 1733 265 1810 Jura
277 1731 400 1789 dabunt:
423 1730 491 1788 dirae
504 1731 580 1790 ferro
592 1740 622 1790 et
634 1731 807 1808 conpagibus
819 1732 896 1801 artis,

195 1835 375 1893 Claudentur
386 1833 460 1892 Belli
471 1843 574 1912 portae:
596 1835 686 1894 Furor
696 1836 791 1913 inpius
802 1835 889 1905 intus,

194 1937 272 1995 Saeva
285 1936 382 1995 sedens
394 1937 478 2014 super
490 1957 579 2008 arma,
591 1947 621 1997 et
633 1949 750 1996 centum
764 1937 877 1997 vinctus
888 1935 967 1996 aiinis

193 2040 256 2098 Post
268 2049 381 2116 tergum
393 2041 485 2109 nodis,
503 2041 607 2100 fremet
618 2041 750 2100 horridus
759 2060 807 2101 ore
819 2050 945 2100 cruento.

233 2144 306 2202 Haec
318 2143 376 2201 ait:
398 2153 428 2202 et
440 2144 521 2203 Maia
534 2145 665 2222 genitum
674 2145 804 2204 demittit
817 2146 854 2203 ab
867 2145 925 2202 alto
931 2168 941 2217 ς
985 2216 987 2224 1

193 2245 237 2304 Ut
250 2253 340 2316 terrae,
361 2254 450 2326 utque
464 2265 545 2306 novae
556 2258 673 2326 pateant
686 2247 870 2326 Carthaginis
881 2267 957 2306 arces

192 2347 326 2425 Hospitio
337 2339 469 2408 Teucris:
495 2368 532 2408 ne
545 2351 599 2409 fati
611 2350 704 2409 nescia
715 2351 793 2408 Dido

192 2449 310 2510 Finibus
323 2461 439 2510 arceret.
469 2453 556 2511 Volat
569 2454 618 2512 ille
630 2473 681 2531 per
693 2455 757 2512 aiira
769 2471 908 2530 magnum

192 2553 328 2631 Remigio
340 2554 462 2614 alarum:
484 2575 517 2614 ac
527 2557 627 2634 Libyae
639 2557 712 2615 citus
725 2557 832 2616 adstitit
844 2557 907 2614 oris.

191 2657 230 2716 Et
239 2655 300 2732 jam
309 2654 381 2732 jutia
394 2657 480 2718 facit:
502 2668 670 2735 ponuntque
682 2659 786 2718 ferocia
799 2659 879 2717 Poeui
993 2675 1000 2688 ·
1092 2669 1100 2688 '1

191 2759 296 2828 Corda,
316 2759 431 2820 volente
443 2759 516 2820 Deo.
556 2762 591 2818 In
603 2761 704 2838 primis
717 2761 816 2838 regina
829 2761 960 2838 quietum

191 2859 312 2938 Adcipit
329 2861 362 2918 iu
374 2862 499 2920 Teucros
518 2862 657 2932 animum,
681 2873 864 2939 mentemque
883 2863 983 2940 benig·

124 2947 126 2954 ’
308 2981 384 3021 nam.
1011 2962 1014 2967 ’

230 3064 273 3120 At
285 3064 351 3140 pius
362 3065 481 3136 AEueas‚
499 3084 550 3142 per
562 3067 674 3127 nostem
686 3066 809 3144 plurima
822 3067 946 3136 volvens,

192 3164 236 3223 Ut
248 3163 375 3260 primum
386 3166 437 3229 lux
450 3167 525 3228 alrna
537 3169 603 3248 data
615 3168 664 3242 est,
683 3170 770 3240 exire,
789 3169 922 3246 locosque

383 3510 493 3544 Α
