2208 3574
125 191 231 264 vno.
435 186 533 248 nm.
573 187 612 246 11.
863 195 919 246 na

121 347 237 405 Credita
250 363 308 414 res,
330 343 463 420 captique
476 341 556 411 dolis,
577 339 758 418 lacrimisque
774 343 887 413 coaelis,

124 451 206 507 Quos
219 467 312 524 neque
324 446 460 522 Tydides,
480 464 533 501 nec
546 443 692 502 Lariffaeus
705 444 843 505 Achilles.

120 551 189 608 Non
202 551 270 608 anni
283 552 418 606 domuere
431 549 538 615 decem,
558 566 616 604 non
631 547 710 604 mille
723 548 838 606 carinae.

162 653 221 710 Hic
234 653 313 711 aliud
325 651 415 728 majus
428 650 537 708 miseris
549 650 699 725 multoque
713 652 894 708 tremendum

123 755 266 833 Objicitur
278 755 379 832 magis,
400 764 485 830 atque
498 752 649 829 inprovida
661 754 774 829 pestora
787 757 891 812 turbat.

125 861 267 926 Laocoon,
287 859 387 916 dubius
401 859 539 933 Neptuno
552 855 626 912 sorte
639 855 775 924 sacerdos,

125 961 275 1018 Sollemnis
288 972 402 1018 taurum
414 960 563 1036 ingentem
577 959 718 1016 mactabat
731 961 766 1018 ad
780 979 850 1018 aras.

126 1065 215 1122 Eccel
240 1074 336 1122 autem
349 1063 458 1138 gemini
473 1082 489 1118 a
501 1063 620 1120 Tenedo
634 1062 785 1137 tranquilla
798 1062 919 1138 peralta
945 1062 947 1068 ’

127 1167 280 1237 (Horresco
294 1166 429 1238 reserens)
444 1165 577 1222 inmensis
590 1164 706 1222 orbibus
718 1183 825 1241 angues

125 1271 302 1327 Incumbunt
313 1269 423 1344 pelago,
443 1267 604 1344 pariterque
617 1269 652 1324 ad
665 1267 748 1324 litora
762 1270 898 1326 tendunt:

127 1373 240 1429 Peblora
253 1390 372 1446 quorum
386 1371 463 1427 inter
474 1371 577 1427 flubius
591 1371 710 1440 adrema,
726 1369 862 1448 jubaeriue

127 1475 305 1551 Sanguineae‚
319 1473 488 1550 exsuperant
498 1473 600 1530 undas:
623 1493 686 1548 pars
696 1484 788 1532 cetera
799 1486 920 1552 pontum

127 1580 203 1635 Pone
216 1579 296 1654 legit,
316 1578 483 1651 sinuantque
495 1575 621 1632 inmensa
633 1576 781 1634 volumine
793 1587 881 1656 terga.
919 1571 923 1578 ’
983 1613 985 1620 ,

79 1755 83 1762 Ι
126 1679 174 1737 Fit
186 1679 302 1747 sonitus,
317 1679 466 1755 spumante
479 1679 550 1734 salo:
567 1678 685 1754 jamque
698 1697 762 1737 arva
776 1683 918 1754 tenebant,

76 1835 78 1842 .
127 1782 320 1858 Ardentisque
333 1783 428 1839 oculos
440 1780 554 1838 suffesli
567 1781 704 1857 sanguine
717 1791 747 1839 et
758 1783 830 1871 igni,

129 1885 216 1943 Sibila
228 1886 393 1943 lambebant
405 1884 513 1962 linguis
526 1884 704 1942 vibrantibus
717 1905 774 1944 ora.

127 1987 306 2064 Diffugimus
318 1987 379 2044 visu
392 1967 557 2063 exsangues.
597 1986 645 2043 Illi
657 1988 772 2063 agmine
785 1999 863 2048 certo

81 2073 85 2082 ’
127 2092 288 2148 Laocoonta
301 2101 420 2166 petunt:
442 2100 471 2146 et
484 2090 610 2166 primum
622 2109 709 2165 parva
723 2092 844 2150 duorum

128 2194 254 2268 Corpora
267 2202 399 2250 natorum
413 2193 523 2268 serpens
536 2193 683 2268 amplexus
695 2205 816 2270 uterque

126 2295 259 2371 Inplicat,
280 2306 310 2352 et
323 2295 435 2352 miseros
448 2293 543 2352 morsu
556 2296 714 2372 depascitur
727 2308 812 2355 artus.

127 2387 190 2456 Post
202 2398 306 2474 ipsum,
326 2397 433 2455 auxilio
447 2395 614 2456 subeuntem
627 2418 660 2456 ac
674 2400 729 2456 tela
742 2401 890 2473 ferentem,

128 2501 309 2582 Conripiunt,
331 2500 468 2576 spirisque
480 2501 572 2576 ligant
585 2501 762 2577 ingentibus:
785 2504 892 2580 etjam,

127 2604 175 2661 Bis
188 2604 317 2660 medium
331 2604 466 2680 amplexi,
486 2603 528 2660 bis
541 2604 614 2660 collo
627 2605 758 2679 squamea
772 2607 881 2665 circum

127 2707 221 2783 Terga
235 2707 304 2774 dati,
324 2705 457 2782 superant
469 2707 571 2783 capite,
592 2716 622 2764 et
635 2708 791 2766 cervicibus
804 2710 876 2767 altis.

127 2809 180 2865 ille
193 2808 275 2865 simul
289 2809 420 2866 manibus
432 2810 525 2866 tendit
539 2810 672 2867 divellere
686 2812 782 2880 nodos,

128 2911 257 2968 Perfusus
270 2911 346 2968 sanie
358 2913 453 2980 vittas,
472 2922 590 2987 atroque
602 2932 712 2970 veneno
716 2939 725 2984 3

115 3013 273 3072 ¹Clamores
287 3013 368 3071 simul
381 3015 532 3086 horrendos
546 3017 582 3072 ad
595 3015 683 3074 sidera
696 3017 785 3074 tollit:
812 3027 816 3036 ⁴

131 3116 233 3178 Qualis
246 3117 383 3194 mugitus,
403 3119 481 3195 sugit
493 3118 705 3194 quumsaucius
717 3137 794 3178 aram
