2194 3584
124 227 207 290 ua
401 219 732 298 osonorcoN,
880 219 969 304 acy.
1085 309 1089 328 ⁴

167 385 306 446 Inseritur
318 405 387 444 vero
398 398 428 444 et
440 387 504 445 fetu
516 387 598 446 nucis
610 387 727 445 arbutus
740 385 868 458 horrida;

167 491 206 550 Et
218 489 325 548 steriles
336 490 447 567 platani
460 491 551 548 malos
564 489 670 566 gelsere
681 489 816 562 valentin

167 593 312 651 Castaneas
325 593 417 670 fugire,
438 611 581 670 ornusque
593 593 726 651 incanuit
738 593 805 652 albo

166 694 249 754 Flore
262 694 328 772 piri,
347 695 541 771 glandemque
553 694 616 752 sues
629 695 741 772 fregere
754 695 807 753 sub
819 695 914 755 ulmis.

206 799 271 857 Nec
283 799 385 857 modus
397 795 521 857 inserere
534 806 621 875 atque
634 799 732 857 oculos
751 797 888 876 inponere
901 800 967 859 srm-

284 902 367 979 plexr
460 949 463 953 .
804 913 805 922 ¹

168 1005 257 1075 Nam,
277 1004 334 1081 qud
347 1003 376 1062 se
389 1003 485 1063 medio
498 1005 619 1062 trudunt
632 1005 668 1062 de
681 1003 788 1064 cortice
801 1024 933 1082 gemmae,

168 1109 207 1167 Et
220 1107 314 1166 tenuis
326 1117 466 1184 rumpunt
478 1107 598 1178 tunicas,
607 1135 610 1140 ·
619 1109 753 1185 angustus
766 1109 797 1166 in
810 1109 872 1188 ipso

168 1211 216 1272 Fit
229 1213 305 1270 nodo
319 1211 408 1269 sinus:
430 1211 488 1268 huc
501 1211 595 1269 aliena
608 1229 644 1269 ex
657 1213 758 1270 arbore
771 1231 889 1289 germen

168 1315 309 1374 Includun
314 1323 335 1386 t,
354 1315 469 1390 udoque
481 1316 587 1373 docent
598 1313 755 1374 inolescere
767 1315 852 1374 libro.

168 1419 232 1478 Aut
245 1418 358 1498 rursum
371 1419 476 1476 enodes
489 1419 583 1477 trunci
596 1418 768 1487 resecantur,
788 1428 819 1477 et
832 1419 889 1480 alte

167 1521 301 1581 Finditur
313 1521 345 1579 in
357 1521 480 1580 solidum
493 1521 593 1580 cuneis
605 1521 665 1593 via;
687 1521 794 1580 deinde
806 1522 914 1581 feraces

169 1626 277 1685 Plautae
297 1623 499 1684 inmittuntur:
523 1644 576 1683 nec
593 1626 714 1703 longum
733 1635 855 1703 tempus,
875 1635 906 1684 et
922 1626 968 1684 in·

246 1747 317 1807 gens

167 1833 249 1893 Exiit
261 1835 298 1891 ad
310 1832 417 1890 coelum
429 1832 515 1890 ramis
528 1833 660 1892 felicibus
673 1835 763 1902 arbos,

167 1937 350 2013 Miraturque
362 1955 451 1994 novas
464 1937 575 1995 frondis
587 1945 618 1994 et
630 1955 689 1994 non
702 1936 751 1995 sua
764 1956 860 2014 poma.

206 2043 353 2108 Praeterea,
365 2059 455 2116 genus
466 2040 544 2098 haud
556 2059 657 2109 unum,
671 2059 724 2098 nec
735 2040 859 2098 fortibus
869 2039 965 2110 ulmis,

167 2143 232 2202 Nec
244 2142 333 2211 salici,
353 2143 481 2219 lotoque,
502 2162 596 2219 neque
608 2143 862 2222 ldaeis'cyparillis:

167 2247 233 2306 Nec
245 2247 367 2324 pingues
379 2265 467 2304 unam
481 2245 511 2304 in
524 2246 629 2304 faciem
644 2247 799 2305 nascuntur
811 2247 904 2317 olivae,

167 2350 323 2420 Orchades,
344 2359 374 2407 et
386 2349 468 2421 radii,
489 2358 519 2407 et
531 2349 627 2407 amari
640 2352 735 2427 pausia
748 2351 846 2418 bacci,

169 2454 321 2530 Pomaque,
341 2461 370 2512 et
384 2453 502 2511 Alcinoi
516 2453 605 2510 silvae:
627 2461 680 2510 nec
694 2451 821 2510 surculus
833 2452 912 2510 idem

168 2555 338 2615 Crustumiis
354 2555 499 2633 Syriisque
511 2556 591 2634 piris,
611 2556 801 2632 gravibusque
813 2556 947 2616 volemis:

168 2660 239 2719 Non
252 2660 353 2718 eadem
363 2659 510 2718 arboribus
523 2660 631 2737 pendet
642 2659 788 2718 vindemia
801 2661 910 2732 nostris,

169 2763 268 2821 Quam
282 2763 482 2840 Methymnaeo
495 2763 587 2840 carpit
599 2763 635 2820 de
647 2761 767 2838 palmite
781 2763 898 2823 Lelbos.

168 2867 243 2924 Sunt
254 2865 367 2924 Thasrae
379 2867 466 2940 vites3
487 2866 554 2924 sunt
566 2874 596 2924 et
608 2866 785 2925 Mareotides
798 2866 884 2938 albae;

168 2968 327 3046 Pinguibus
340 2969 385 3027 hae
398 2969 481 3028 terris
493 2969 612 3041 habiles,
633 2969 787 3028 levioribus
800 2969 873 3042 illae3

168 3073 206 3130 Et
219 3072 295 3149 paffo
308 3073 413 3132 Pfithia
425 3073 524 3132 utilior
528 3099 537 3146 3
559 3072 712 3151 tenuisque
725 3075 846 3150 Lageos,

155 3158 325 3238 'Tentatum
338 3177 424 3255 pedes
435 3177 516 3252 olim,
528 3177 877 3256 vintiu'raque'lidguam
