2208 3574
176 201 323 279 220¹
434 219 711 291 AEunruos,
859 225 967 290 v.117.

178 371 278 430 Quum
291 369 416 448 primum
429 373 530 434 Iliacas
543 375 637 434 Danai
649 373 763 432 venistis
775 374 812 431 ad
824 375 903 444 orae}

177 473 321 550 Sanguine
333 476 480 550 quaerendi
492 477 608 546 roditur,
629 477 779 552 animaque
791 476 934 534 litandum

175 574 320 650 Argolica.
360 577 449 653 Volgi
462 597 526 654 quae
539 597 595 636 vox
608 587 640 635 ut
653 577 733 635 venit
745 578 782 635 ad
794 577 879 646 auris,

175 675 352 754 Obstupuere
364 677 463 748 animi,
484 679 652 756 gelidusque
663 697 714 756 per
726 679 783 736 ima
798 677 925 736 cucurrit

175 776 242 836 Offa
256 787 362 840 tremor
365 805 374 850 3
397 779 445 838 cui
458 779 517 840 fata
526 789 635 856 parent,
648 799 734 856 quem
746 779 841 855 poscat
851 779 967 856 Apollo,

175 879 234 938 Hie
247 881 361 940 Ithacus
373 891 469 940 vatem
481 901 587 958 magno
601 881 757 940 Calchanta
771 881 898 938 tumultu

175 981 316 1042 Protrahit
328 981 360 1041 in
372 983 493 1042 medior:
516 1001 581 1060 quae
594 984 649 1042 srnt
663 1002 697 1041 ea
710 983 829 1040 numina
842 983 949 1053 divom,
990 1027 995 1038 .

175 1081 310 1160 Flagitat.
349 1085 387 1142 Et
399 1081 472 1144 mihi
480 1083 541 1160 jam
554 1085 639 1144 multi
651 1086 765 1144 crudele
781 1086 922 1142 canebant

176 1184 305 1246 Artificis
322 1185 420 1254 scelus,
440 1196 470 1246 et
483 1186 563 1246 taciti
575 1197 695 1247 ventura
707 1187 852 1252 videbant.

175 1286 224 1346 Bia
235 1287 337 1363 quinos
350 1288 412 1346 filet
423 1288 473 1349 ille
486 1288 554 1358 dier,
574 1288 720 1363 tectusque
732 1287 842 1346 recusat
931 1311 935 1319 ·

176 1389 295 1447 Prodere
308 1391 378 1447 voce
390 1389 439 1448 sur
452 1409 635 1466 quemquam,
654 1400 704 1448 aut
717 1407 860 1466 opponere
873 1387 968 1447 morti.

175 1490 234 1548 Vix
247 1491 373 1560 taudem,
392 1491 505 1568 magnis
518 1491 612 1551 Ithaci
625 1490 795 1550 clamoribus
807 1491 894 1560 attus,

177 1592 330 1668 Conposrto
342 1592 452 1670 rumpit
464 1611 573 1662 vocem,
592 1601 623 1650 et
635 1612 681 1650 me
694 1592 815 1650 destinat
828 1611 892 1655 arar.

175 1693 331 1754 Adsensere
344 1709 455 1764 omnen
477 1703 515 1762 et,
535 1713 599 1768 quae
612 1694 664 1754 srbi
676 1693 796 1770 quicque
809 1693 937 1762 tunebat,

176 1794 270 1856 Unius
281 1795 313 1854 iu
326 1794 421 1854 miseri
433 1795 557 1856 exitium
569 1795 701 1854 conversa
714 1795 817 1854 tulere.

176 1897 298 1974 Jamque
310 1896 371 1956 dies
383 1895 501 1954 infanda
515 1897 610 1956 aderat
617 1920 626 1967 3
648 1895 721 1954 mihi
734 1895 810 1954 sacra
823 1895 924 1972 parari,

177 1997 215 2055 Et
227 1996 303 2055 salsae
317 1997 423 2074 fruges,
444 2006 474 2056 et
486 1996 595 2058 circum
607 2007 735 2074 tempora
747 1997 836 2056 vittae.

178 2099 287 2177 Eripui‚
308 2100 408 2169 fateor,
427 2101 485 2160 leto
498 2117 554 2169 me,
574 2108 605 2158 et
616 2099 730 2158 vincula
742 2099 825 2176 rupi3

178 2201 348 2278 Limosoque
361 2202 489 2278 lacuxper
501 2203 622 2273 noenu,
642 2202 775 2262 obscurus
787 2203 819 2261 in
832 2201 908 2270 curt,

177 2302 298 2372 Delitui‚
319 2304 389 2364 dum
400 2304 472 2372 vela,
492 2305 626 2363 darentfi
644 2304 727 2374 sorte,
747 2303 893 2368 dedissent.

178 2404 243 2462 Nec
256 2402 329 2466 mihi
337 2403 400 2480 jam
411 2404 533 2486 patriam
546 2405 693 2481 antiquam
705 2405 766 2483 sper
775 2405 836 2466 ulla
846 2405 972 2474 videndi,
1095 2381 1096 2386 ἵ

178 2505 244 2564 Nee
257 2503 347 2565 dulcis
360 2515 449 2574 nator,
462 2515 683 2583 exoptatumque
695 2517 843 2584 parentem
847 2532 855 2578 ς

180 2607 262 2672 Quos
274 2606 318 2668 illi
331 2606 425 2670 forsan
438 2627 535 2684 poenac
548 2609 585 2668 ob
598 2609 690 2668 nostra
703 2607 849 2685 reposcent

180 2707 304 2794 Effugia,
318 2709 470 2786 etculpam
481 2709 555 2768 hane
565 2710 732 2769 miserorum
741 2717 832 2770 morte
841 2707 975 2786 piabunt:
1095 2775 1096 2782 ἵ

181 2811 269 2869 Quod
282 2820 320 2882 te,
340 2829 391 2887 per
403 2811 524 2888 superos,
545 2819 575 2872 et
587 2811 698 2872 conscia
711 2812 830 2870 numina
843 2810 922 2884 νοτὶς

179 2915 240 2986 Per,
255 2913 342 2989 fiqua
352 2913 401 2981 est.
411 2933 475 2989 quae
484 2912 567 2978 restet
576 2913 670 2978 adhue
678 2913 845 2976 mortalibus
851 2931 973 2990 usquam
991 2951 994 2958 ι

179 3015 352 3078 Intemerata
364 3015 444 3085 fides,
461 3033 521 3085 oro,
541 3015 673 3080 miserere
688 3015 820 3078 laborum

179 3117 338 3182 Tantorum
344 3142 354 3190 ς
376 3117 507 3186 mserum
519 3117 619 3190 otuu,
638 3137 696 3180 nou
708 3117 797 3196 digna
809 3115 936 3178 ferentia
