2236 3584
155 211 182 253 v.
194 192 262 254 268.
457 194 653 255 CULEX.
901 199 957 266 137

155 351 298 426 Poenaque
309 349 449 428 respectus
461 359 492 409 et
504 371 582 410 nunc
593 356 700 421 manet,
714 347 856 427 orpheus,
870 348 901 408 iu
915 355 954 408 te.

154 453 263 514 Audax
275 453 325 512 ille
337 453 464 530 quidem,
477 455 529 530 qui
542 453 644 512 mitem
655 454 801 512 Cerberon
813 469 955 530 umquam

154 555 296 628 Credidit,
316 565 367 614 aut
379 557 432 614 ulli
444 557 522 616 Ditis
533 556 674 634 placabile
687 575 794 615 omnen
800 581 809 627 3

154 657 187 714 N
187 677 219 716 ec
232 657 331 716 timuit
342 658 550 736 Phlegethonta
562 659 707 718 furentem
720 658 886 718 ardentibus
898 677 955 718 un·

233 759 286 829 dis,

154 861 220 922 Nec
232 863 328 922 masta
339 865 461 928 ,obtentu
474 863 546 932 diro,
566 872 597 922 et
608 864 766 941 fermgine,
785 881 890 941 regua3
1011 939 1014 943 ι

153 963 339 1042 Defoffasque
353 967 461 1036 domoc,
481 986 515 1025 ac
527 967 647 1026 Tartara
660 967 748 1025 nocie
756 967 876 1026 cruenta

154 1065 264 1138 Oblita,
283 1087 338 1128 uec
350 1069 449 1128 faciles
462 1069 541 1128 Ditis
553 1070 612 1128 line
621 1068 719 1147 judice
731 1069 819 1140 sedes,

154 1173 265 1250 Jndice‚
287 1173 336 1249 qui
349 1173 417 1232 vitae
429 1173 625 1250 postmortem
638 1173 765 1232 vindicat
777 1173 849 1232 abta.

155 1276 210 1333 Sed
223 1276 338 1334 fortuna
350 1277 447 1336 valens
459 1277 597 1334 audacem
610 1276 717 1334 fecerat
730 1275 856 1354 Orphea.

153 1379 219 1457 Jam
232 1379 323 1455 rapidi
335 1379 468 1437 steterant
484 1397 592 1448 amnes,
610 1387 641 1436 et
653 1381 737 1436 turba
750 1379 885 1448 ferarum,

153 1481 263 1540 Blanda
274 1501 345 1541 voce
357 1482 472 1559 sequax,
493 1483 641 1559 regionem
654 1482 795 1542 insederat
807 1482 918 1561 Orphei
922 1507 932 1557 ς
948 1545 950 1549 ,

153 1587 278 1663 Jamque
290 1585 380 1644 imam
392 1585 478 1643 viridi
491 1585 618 1644 radicem
630 1594 760 1644 moverat
772 1585 830 1645 alte

155 1687 288 1746 Quercus
295 1687 395 1756 humo,
401 1687 589 1763 steterantque
597 1705 703 1757 amnes,
709 1688 841 1764 salvaque
847 1687 955 1748 sonorae

154 1790 260 1866 Sponte
272 1789 322 1848 sua
335 1799 436 1848 cantus
449 1790 599 1866 rapiebant
611 1789 717 1848 cortice
730 1791 837 1849 amara.
945 1809 947 1814 ·

154 1885 296 1970 Labeates
305 1891 416 1970 bijuges
429 1892 519 1950 etiam
531 1911 583 1969 per
595 1891 684 1950 fidera
697 1894 781 1950 Luna

154 1995 252 2054 Prersu
258 2021 268 2068 ς
287 2015 373 2071 equos
387 2004 417 2052 et
430 2003 462 2052 tu
475 2003 628 2063 currentes,
648 1994 790 2054 menstrua
803 1994 894 2072 virgo,

154 2097 299 2156 Auditura
312 2099 403 2173 lyram
418 2096 543 2166 tenuisti,
563 2097 646 2155 noete
658 2097 766 2157 relicta.

154 2201 227 2258 Haec
240 2201 340 2258 eadem
353 2201 458 2277 potuit,
478 2199 565 2270 Ditis,
586 2209 616 2258 tc
627 2199 752 2270 vincere,
771 2199 888 2278 conjux,
944 2233 946 2240 ·

155 2301 375 2379 Eurydicenque
385 2303 461 2359 ultro
475 2303 635 2366 ducendam
646 2304 764 2362 reddere
779 2307 850 2379 (non
864 2305 915 2376 faa,

154 2405 225 2464 Non
238 2415 308 2477 erat,
321 2406 455 2476 invitam)
471 2405 549 2465 divae
561 2407 707 2466 exorabile
719 2427 837 2466 numen.
949 2441 954 2450 ·

154 2509 209 2580 Illa
223 2508 350 2585 quidem,
371 2509 497 2568 nimium
510 2510 613 2568 Manes
630 2519 746 2587 experta
759 2510 876 2581 severos,
944 2571 949 2577 ,Α

155 2612 334 2688 Praeceptum
346 2611 475 2688 fignabat
487 2613 542 2670 iter
547 2636 556 2683 ;
579 2629 632 2670 nec
645 2613 743 2670 retulit
754 2613 834 2670 intus
854 2629 863 2638 '⁴

155 2715 289 2785 Lumina,
309 2733 362 2773 nec
375 2715 450 2774 divae
462 2693 599 2791 conrupit
611 2734 730 2774 munera
743 2715 853 2791 liugud.

156 2817 210 2874 Sed
224 2825 257 2875 tu
269 2818 399 2887 crudelis,
419 2807 542 2876 crudelia
555 2827 588 2875 tu
601 2818 701 2894 magis,
722 2817 851 2894 Orpheu‚

155 2918 261 2978 Oscula
274 2939 339 2978 caru
350 2929 459 2998 petens,
478 2920 577 2996 rupisti
584 2919 658 2997 julla
671 2921 799 2978 deorum.

156 3021 270 3099 Dignus
282 3042 362 3082 amor
373 3023 467 3094 venie,
486 3041 607 3101 parvum
619 3023 640 3080 fi
652 3023 770 3081 Tartara
784 3021 894 3082 uellent

29 3193 32 3198 ¹
156 3125 308 3184 Peccatum
320 3125 469 3203 ignoviffe.
509 3125 565 3185 Sed
577 3133 608 3184 et
619 3143 668 3184 vos
681 3124 746 3184 sede
757 3125 882 3204 pionun,
938 3181 946 3190 .
