2236 3584
149 219 176 267 v.
190 211 258 279 ³57.
465 205 564 267 ΗΒ.
604 205 628 266 Ι.
668 249 671 254 -
878 199 939 274 '¹99

143 362 221 420 Turn
234 363 355 422 celerare
367 363 469 441 fugam
481 343 629 441 patriaque
641 360 778 420 excedere
790 358 898 428 suadet,

143 466 353 542 Auxiliumque
365 465 419 524 viae
434 477 541 525 veteres
555 466 657 523 tellure
669 461 793 520 recludit

142 569 309 640 Thesauros,
329 569 462 646 ignotum
475 569 585 647 argenti
598 568 709 646 pondus
720 574 750 623 et
762 564 835 624 auri.

142 671 198 728 His
210 681 353 741 contacta,
372 672 473 749 fugam
484 671 562 730 Dido
575 671 720 746 sociosque
732 669 857 744 parabat.

143 773 336 844 Conveniunt,
356 774 460 850 quibus
472 783 522 836 aut
535 773 634 831 odium
647 771 761 830 crudele
775 768 898 846 tyranni,

143 875 207 934 Aut
219 885 312 933 metus
325 893 398 946 acer,
411 886 485 934 erat:
508 875 596 945 navis,
611 894 675 952 quae
688 873 762 932 sorte
774 881 888 950 paratae,

143 977 327 1055 Conripiunt,
347 990 523 1056 onerantque
535 997 612 1036 auro.
653 979 805 1035 Portantur
816 975 896 1036 avari

143 1063 336 1157 Pygmalionis
348 1101 414 1160 opes
426 1083 540 1159 pelago:
563 1083 623 1140 dux
635 1080 743 1138 semina
756 1078 832 1137 facti.

141 1183 292 1241 Devenere
304 1184 390 1254 locos,
410 1185 460 1242 ubi
474 1203 551 1242 nunc
563 1183 692 1261 ingentia
705 1200 803 1240 cernes

141 1285 262 1354 Moenia,
282 1285 500 1363 surgentemque
513 1305 594 1344 norae
607 1285 790 1361 Carthaginis
804 1303 912 1342 arcem:

141 1387 323 1464 Mercatique
336 1381 436 1457 solum,
455 1388 523 1446 faeti
536 1390 572 1446 de
585 1387 701 1446 nomine
713 1386 838 1464 Byrsam,

141 1489 269 1548 'lautino
282 1499 422 1566 quantum
434 1490 543 1568 possent
556 1489 733 1552 circumdare
747 1498 836 1566 tergo.

142 1591 197 1648 Sed
208 1611 266 1663 vos,
287 1592 338 1670 qui
351 1593 476 1663 tandem,
496 1592 600 1668 quibus
613 1601 662 1649 aut
674 1590 787 1648 venistis
800 1592 836 1648 ab
850 1589 914 1660 oris,

142 1693 246 1752 Quove
259 1694 362 1754 tenetis
374 1695 445 1752 iter?
466 1694 617 1752 Quaerenti
631 1694 735 1752 talibus
748 1693 798 1750 ille

141 1795 297 1873 suspirans,
318 1797 433 1873 imoque
448 1797 562 1860 trahens
574 1816 591 1854 a
604 1797 716 1872 pectore
729 1815 842 1854 vocem:

179 1897 208 1956 Ο
220 1899 296 1956 Deal
319 1899 349 1965 sr,
369 1899 459 1975 primi
472 1908 601 1975 repetens
614 1900 650 1956 ab
662 1897 781 1974 origine,
794 1916 921 1975 pergam,

141 2000 180 2058 Et
191 2008 273 2058 vacet
286 1999 396 2058 annalia
409 2000 566 2058 nostrorum
579 1999 678 2058 andire
691 1999 834 2071 laborum;

140 2101 221 2159 Ante
234 2102 311 2158 diem
323 2101 417 2159 clauso
430 2110 573 2179 conponet
584 2100 683 2179 vesper
694 2101 829 2178 Olympo.
851 2151 853 2160 .

140 2203 203 2260 Nos
215 2202 301 2280 Troji
314 2203 443 2280 antiqui,
462 2203 484 2261 sr
496 2203 597 2261 vestras
609 2203 684 2261 sorte
695 2222 747 2281 per
759 2203 835 2260 aun'a

139 2301 233 2382 Trojae
247 2323 351 2362 nomen
364 2305 407 2373 iit,
427 2301 524 2364 divers
520 2323 536 2364 a
548 2324 600 2382 per
612 2325 725 2383 equora
738 2307 831 2364 vedios

140 2406 225 2464 Forte
238 2405 287 2464 sui
303 2407 416 2483 Libyeis
430 2407 576 2484 tempestas
589 2409 701 2486 adpulit
713 2409 778 2466 oria.
795 2407 798 2412 ’

140 2509 209 2566 Sum
221 2508 285 2585 pius
297 2509 415 2578 AEneas‚
435 2519 530 2586 raptos
543 2511 594 2588 qui
606 2529 643 2569 ex
655 2512 733 2570 hoste
747 2514 863 2570 Penates

140 2609 232 2668 Classe
245 2610 318 2668 veho
330 2630 454 2680 mecum,
474 2611 551 2670 fama
564 2613 647 2690 super
658 2614 763 2672 aethera
777 2625 869 2673 notua.

138 2711 253 2770 Italiam
266 2731 361 2788 quaero
373 2713 495 2788 patriam
507 2722 536 2770 et
549 2733 639 2790 genus
651 2718 687 2773 ab
699 2718 770 2793 Jove
783 2717 903 2775 summo.

139 2809 188 2871 Bia
200 2815 280 2872 denia
295 2813 450 2891 Phrygium
463 2815 614 2874 conscendi
628 2817 746 2875 navibus
759 2837 866 2894 aequor,

139 2915 235 2973 Matre
248 2915 310 2972 Dea
322 2916 495 2974 monstrante
507 2917 593 2988 viam,
613 2919 679 2976 data
695 2919 754 2977 sata
768 2919 893 2993 secutna3

138 3017 199 3075 Vix
212 3015 328 3094 septem,
348 3017 487 3076 convolsae
499 3019 585 3077 undis
597 3021 738 3096 Euroque,
755 3021 914 3098 supersunt,
1020 3003 1023 3014 Α

140 3118 203 3198 lpse
214 3117 339 3198 ignotus,
355 3127 454 3198 egena,
476 3119 575 3200 Libyae
588 3120 696 3180 deserta
708 3141 837 3203 peragro,
