2194 3584
28 271 29 280 ,
99 228 174 280 Μ.
364 225 588 285 ECLOGA
625 228 663 288 V.
872 233 907 297 17

445 399 574 440 uocaus.

100 476 149 534 Tu
162 478 256 556 major
263 506 272 553 3
294 482 349 541 tibi
362 502 410 541 me
423 485 462 541 est
474 471 590 561 aequuin
602 503 709 562 parere,
729 483 878 556 Menalca;

101 577 170 636 Sive
183 579 236 637 sub
249 582 381 654 incertas,
394 579 542 664 'Zephyris
555 587 739 656 motantibus,
758 589 883 658 umbras,

102 681 171 738 Sive
183 694 267 742 antro
280 686 385 762 potius,
399 688 590 746 succedimus:
608 689 729 765 adspice,
742 699 776 750 ut
788 699 905 748 antrum

102 783 244 844 Silvestris
257 788 327 846 raris
341 789 439 865 sparsit
452 791 580 848 labrusca
594 771 722 861 racemisss

419 911 592 952 manducas.

102 991 259 1050 Montibus
271 992 303 1050 iu
317 993 417 1052 nostris
430 995 504 1052 solus
518 995 572 1052 tibi
585 1002 675 1053 certet
686 994 838 1070 Amyntas.

433 1115 560 1156 uorsus,

105 1194 199 1266 Quid,
214 1196 326 1254 fiidem
339 1207 429 1255 certet
441 1199 578 1256 Phoebum
593 1197 723 1275 superare
736 1197 883 1255 canendo?

420 1320 592 1358 MENALCAS.
706 1299 709 1304 '

104 1400 217 1475 Incipe,
236 1402 347 1478 Mopse,
367 1402 461 1478 prior:
484 1403 585 1478 siquos
598 1411 648 1460 aut
661 1402 799 1478 Phyllidis
812 1403 904 1478 ignea,
944 1415 946 1422 ’

105 1503 169 1560 Aut
183 1502 303 1560 Alconis
316 1504 403 1562 habes
416 1505 521 1574 laudes,
542 1513 593 1561 aut
601 1502 697 1579 jurgia
710 1504 807 1561 Codri.

105 1602 222 1680 Incipe:
245 1605 385 1680 pascentis
398 1585 521 1664 servabit
532 1605 650 1682 Tityrus
663 1605 767 1662 haedos.

446 1727 573 1766 uorsus.

108 1809 205 1866 Immo
217 1809 288 1878 haec,
308 1809 340 1874 in
352 1809 438 1867 viridi
451 1829 543 1887 nuper
556 1828 620 1884 quae
633 1809 739 1866 cortice
752 1809 814 1884 fagi

109 1909 246 1968 Carmina
258 1909 398 1986 descripsr‚
418 1923 448 1968 et
461 1912 609 1969 modulans
622 1912 731 1969 alterna
744 1907 850 1980 notavi,

110 2011 263 2087 Experiar:
285 2023 319 2069 tu
331 2012 435 2069 deinde
444 2011 545 2088 jubeto
553 2021 648 2070 'certet
661 2014 813 2089 Amyntas.

422 2132 595 2172 ununucas.

111 2215 202 2272 lenta
215 2214 286 2272 salix
299 2199 447 2290 quantum'
451 2215 571 2291 pallenti
584 2213 660 2271 cedit
672 2213 763 2281 olivae,

111 2315 241 2374 Puniceis
253 2316 371 2374 humilis
384 2326 525 2391 quantum
537 2295 660 2373 saliunca
674 2316 772 2373 rosetis
778 2341 787 2387 5

111 2415 224 2494 Judicio
237 2417 330 2478 nostro
344 2426 456 2474 tantum
470 2415 525 2475 tibi
538 2417 615 2473 cedit
627 2417 780 2492 Amyntas.

449 2537 575 2576 uorsus.

114 2621 169 2678 Sed
181 2629 212 2678 tu
224 2622 319 2678 desine
331 2622 421 2698 plura,
441 2639 524 2697 puer5
546 2603 723 2677 succeffimus¹
736 2627 827 2678 antro.

155 2724 328 2780 Exstindtum
340 2722 485 2798 Nymphae
498 2721 607 2778 crudeli
620 2722 721 2779 funere
734 2721 871 2797 Daphnin
908 2715 912 2724 ’

115 2824 244 2885 Flebant:
267 2843 326 2892 vos,
338 2823 437 2892 coruli,
453 2823 544 2891 testes,
557 2831 587 2879 et
600 2823 729 2890 flumina,
741 2809 904 2900 Nymphis:

117 2926 222 2995 Ouum,
231 2967 233 2974 ,
241 2925 380 3002 conplexa
392 2924 435 2981 sui
448 2943 548 3001 corpus
560 2923 719 2981 miserabile
732 2923 802 2992 nati',
827 2949 832 2958 ·
885 2927 893 2937 '

115 3027 210 3102 Atque
222 3028 289 3088 deos
303 3035 389 3102 atque
402 3026 471 3084 astra
482 3034 566 3086 vocat
578 3025 702 3084 crudelia
716 3033 816 3082 mater.

501 3145 518 3182 c
552 3161 554 3172 ι
