2194 3584
191 235 219 293 o
431 235 735 308 BUCOchA,
828 227 830 232 ¹
902 245 992 296 vr23.

198 383 300 452 Canto,
314 401 378 458 quae
391 383 497 462 solitus,
519 386 540 443 fi
554 388 668 462 quando
681 391 808 445 armenta
822 387 949 456 vocabat,
1078 397 1079 448 l

197 485 346 561 Amphion
356 487 484 544 Dircaeus
497 489 528 545 in
542 489 641 546 Atiaeo
653 487 830 566 Aracynthm
1078 463 1079 492 ἶ

197 587 262 644 Nec
275 588 338 645 sum
351 590 422 646 adeo
434 589 565 647 informis
570 615 579 660 ;
601 587 692 667 nu'per
705 609 752 648 me
765 590 796 646 in
809 589 893 648 litore
907 589 978 658 vidi,

198 689 299 746 Quum
309 675 454 766 placidum
462 691 555 748 ventis
566 691 649 749 staret
658 711 751 752 mater
764 711 822 750 non
833 691 995 768 egoDaph-
1078 709 1079 712 ¹

259 859 262 866 ¹
312 792 373 862 nin,
668 869 672 879 1

197 893 299 970 Judice
313 903 350 962 te,
363 902 501 965 metuam,
522 895 543 952 fi
556 913 715 970 numquam
728 895 804 952 fallit
817 894 923 972 imago.

236 996 264 1056 Ο
279 1004 392 1056 tantum
405 997 494 1054 libeat
507 1015 623 1054 mecum
635 996 690 1054 tibi
705 996 815 1055 sordida
828 1015 893 1055 rura

195 1099 295 1174 Atque
306 1099 424 1158 humilis
437 1099 565 1158 habitare
577 1098 663 1168 casas,
683 1108 713 1156 et
726 1099 815 1174 figere
827 1117 934 1168 cervos,

195 1201 410 1276 Haedorumque
423 1219 540 1278 gregem
553 1200 638 1260 viridi
650 1199 811 1276 conpellere
824 1199 949 1264 hibisco!

197 1302 318 1360 Mecum
330 1321 388 1360 una
400 1303 433 1360 in
447 1302 520 1362 silvis
533 1302 684 1360 imitabere
697 1304 773 1360 Pana
786 1303 925 1360 canendo.

194 1405 254 1464 Pan
265 1404 375 1481 primus
387 1405 510 1464 calamos
522 1404 586 1462 cera
597 1402 771 1482 conjungere
783 1403 873 1479 pluris

194 1504 335 1578 Inffituit3
356 1508 415 1566 Pan
427 1514 508 1589 purat
520 1504 580 1570 ovis
591 1506 747 1580 oviumque
759 1505 921 1581 magistros:

194 1607 260 1665 Nec
273 1597 302 1666 te
314 1608 453 1684 poeniteat
465 1607 575 1666 calamo
589 1607 694 1666 trivisse
706 1607 853 1666 labellum.
1078 1669 1079 1674 χ

196 1711 268 1768 Haec
281 1712 380 1768 eadem
393 1719 427 1768 ut
440 1710 532 1781 sciret,
544 1709 614 1786 quid
628 1728 686 1766 non
699 1709 824 1766 faciebat
831 1710 1006 1786 Amyntas?
1078 1743 1079 1746 =

195 1811 243 1868 Est
256 1812 330 1870 mihi
343 1812 500 1888 disparibus
513 1811 621 1888 septem
635 1811 770 1887 conpada
784 1811 885 1869 cicutis
984 1875 987 1879 ,
1078 1799 1079 1802 “

195 1913 309 1986 Fistula,
323 1915 469 1972 Damoetas
483 1916 559 1972 dono
572 1913 645 1972 milri
658 1932 745 1988 quam
759 1913 839 1970 dedit
852 1913 935 1978 olim,

194 2016 232 2072 Et
245 2016 322 2076 dixit
334 2017 471 2074 moriens:
493 2017 537 2073 Te
550 2034 627 2074 nunc
641 2015 728 2072 habet
740 2015 792 2072 ista
805 2016 983 2076 secundum.
1078 2079 1079 2088 χ

194 2117 280 2174 Dixit
292 2119 453 2176 Damoetas:
475 2117 580 2174 invidit
593 2117 692 2174 stultus
704 2119 857 2194 Amyntas.

195 2221 333 2278 Praeterea
346 2222 413 2289 du0,
426 2239 479 2276 nec
493 2219 555 2279 tuti
568 2219 642 2276 mihi
655 2219 729 2276 valle
741 2220 856 2295 reperti,
965 2268 971 2274 .
1078 2277 1079 2282 χ

176 2372 179 2377 ,
194 2322 337 2398 capreoli,
357 2321 455 2398 sparsis
467 2321 645 2380 etiamnunc
658 2321 781 2398 pellibus
794 2322 869 2391 albo,

193 2424 267 2482 Bina
280 2424 327 2482 die
340 2424 445 2482 siccant
457 2423 517 2480 ovis
529 2425 616 2480 ubera
620 2447 628 2494 3
649 2441 721 2498 quos
735 2423 788 2480 tibi
802 2423 891 2482 servo.

195 2527 261 2603 Jam
273 2527 386 2602 pridem
399 2546 415 2584 a
428 2545 475 2585 me
488 2524 552 2582 illos
565 2525 705 2583 abducere
716 2525 858 2604 Thestylis
870 2535 953 2586 orat:

195 2629 233 2685 Et
246 2629 348 2701 faciet5
369 2627 506 2704 quoniam
519 2626 634 2706 sordent
647 2627 701 2686 tibi
714 2646 832 2686 munera
846 2630 953 2690 nostra.

192 2731 263 2790 ¹Huc
276 2731 351 2800 ades,
371 2749 389 2788 0
402 2730 526 2788 formose
542 2730 627 2806 puerl
651 2729 706 2786 tibi
718 2729 780 2787 lilia
794 2731 886 2807 plenis
910 2719 912 2724 ¹

194 2835 280 2893 Ecce!
296 2835 393 2892 serunt
401 2833 547 2910 Nymphae
559 2832 692 2904 calathis5
713 2831 767 2891 tibi
780 2835 901 2894 candida
910 2837 1009 2910 Nais,
1078 2853 1079 2864 ¹

194 2935 329 2993 Pallentis
341 2935 430 2993 violas
442 2943 472 2992 et
484 2934 594 2992 summa
607 2952 746 3010 papavera
758 2955 885 3013 carpens,
1078 2923 1079 2930 ἵ

195 3036 358 3096 Narcissum
371 3046 400 3094 et
413 3036 514 3094 florem
523 3033 623 3112 jungit
634 3037 706 3094 bene
721 3037 824 3099 olentis
836 3039 957 3112 anethi;
1078 3071 1079 3078 κ

194 3140 281 3212 Tum,
294 3138 367 3196 casib
380 3147 466 3214 atque
480 3136 543 3195 aliis
555 3137 686 3196 intexens
699 3139 835 3204 suavibus,
844 3143 957 3214 herbis,
980 3195 984 3200 .
1078 3145 1079 3220 J

307 3463 444 3528 A
