2236 3584
166 205 223 266 ton
483 211 536 270 CI
550 212 575 270 R
589 211 603 268 1
617 211 643 269 S:
856 227 883 268 v.
895 218 963 270 342³

165 361 317 423 Paullatim
330 367 516 426 tremebunda
529 368 610 444 genis
622 366 763 425 obducere
775 365 881 423 vellem
956 365 959 373 ‘

165 466 303 544 Virginis,
323 477 354 526 et
366 469 507 546 placidam
520 470 643 528 tenebtis
655 477 768 544 captare
780 467 918 544 quietem,

166 569 282 627 inverso
295 570 427 631 bibulum
439 573 615 648 restinguens
628 572 725 628 lumen
738 569 823 638 olivo,

166 669 287 748 incipit,
309 673 345 730 ad
357 675 467 732 crebros
479 673 573 732 insani
585 673 705 750 punietis
717 672 788 730 iiius

166 773 249 830 Ferre
262 791 390 842 manum,
410 775 531 834 adfiduis
543 776 671 833 mulcens
684 773 837 851 praecordia
850 771 963 850 palmis.

204 875 330 933 Noetem
341 875 422 936 illam
434 877 471 934 fic
482 878 577 936 maesta
588 877 670 954 super
680 875 827 934 metientis
840 876 964 934 alumnae

166 977 327 1053 Frigidulos
339 977 438 1036 cubito
451 979 572 1038 subnixu
584 979 722 1056 pependit
734 978 847 1036 ocellos.
954 980 958 986 '

166 1079 276 1140 Postero
289 1079 343 1138 lux
355 1081 406 1138 ubi
419 1081 483 1138 laete
497 1081 576 1139 diem
587 1081 754 1140 mentalibus
766 1081 885 1152 almum,
956 1093 960 1102 '

166 1182 204 1240 Et
217 1182 313 1258 gelido
325 1183 442 1240 veniens
454 1183 533 1241 mani
546 1182 693 1260 quatiebat
706 1185 742 1240 ab
756 1184 845 1254 OEti3

166 1285 265 1342 Quem
274 1283 386 1360 pavide
395 1284 511 1344 elt'ennie
521 1284 658 1362 flugitent,
670 1293 836 1362 optantque,
845 1284 963 1361 puellae}

165 1385 337 1463 Hesperium
349 1386 450 1458 vitant,
469 1394 571 1463 optant
583 1387 724 1444 ardescere
737 1386 845 1458 Solem3

166 1489 314 1565 Pmoeptis
326 1497 407 1566 paret
418 1488 500 1565 virgo
513 1488 641 1558 nutnicis,
661 1497 691 1546 et
701 1488 797 1546 omnis

165 1591 303 1666 Undique
313 1591 459 1668 conquirit
472 1591 598 1648 nubendi
611 1590 707 1648 sedula
719 1589 835 1652 caussas.

165 1691 327 1752 Teutuntur
337 1693 437 1770 patrie
450 1693 589 1752 submiilis
600 1693 718 1752 vocibus
731 1711 821 1763 auree,

165 1796 386 1871 Laudanturque
398 1797 481 1853 bouae
493 1795 570 1872 pacis
583 1798 673 1866 bona;
694 1795 803 1852 multus
815 1795 922 1872 ineptae

164 1897 293 1974 Virginis
307 1897 422 1956 insolito
435 1897 526 1956 sermo
539 1916 629 1956 novus
642 1896 760 1956 erratio
772 1915 831 1955 ore.
955 1908 960 1920 ‘

164 1999 253 2058 Nunc
267 2008 386 2059 tremere
399 1999 529 2080 instantio
542 1999 612 2058 belli
624 1999 782 2058 certamina
793 1998 874 2068 dicit,

164 2102 414 2177 Communemque
432 2102 532 2159 timere
548 2103 650 2170 deum;
671 2119 749 2160 nunc
762 2101 836 2178 regio
849 2101 968 2172 amicos,

165 2204 315 2280 (Namque
328 2203 389 2280 ipso
401 2203 491 2261 uerita
503 2203 543 2262 est
555 2204 649 2262 orb'an‘
661 2204 755 2262 maesta
768 2205 899 2280 parente)

164 2306 242 2362 Cum
254 2307 326 2382 Jove
339 2305 499 2364 eommunis
511 2305 562 2380 qui
576 2306 720 2382 quondam
737 2307 863 2366 habuere
876 2325 965 2384 nopo-

171 2419 186 2428 ”
243 2415 285 2464 teu
292 2431 301 2478 5

165 2511 254 2568 Nunc
267 2510 355 2568 etiam
369 2509 490 2568 confitiio
505 2510 572 2568 dolo
584 2509 731 2568 mendacia
746 2510 823 2587 turpi

164 2614 288 2682 Invenit,
308 2622 339 2671 et
351 2613 451 2671 div-iim
466 2621 552 2670 terret
564 2611 719 2670 formidine
731 2611 815 2684 civis,

164 2717 253 2775 Nunc
265 2715 321 2774 alia
333 2734 370 2774 ex
383 2715 455 2783 aliis,
476 2733 529 2772 uec
541 2714 653 2782 desunt,
673 2715 770 2772 omina
783 2715 895 2790 quaetit.
957 2721 959 2728 “

164 2819 247 2878 euin
261 2817 348 2876 etiam
362 2818 449 2875 castos
462 2815 528 2875 ausa
541 2817 580 2874 eil
592 2823 779 2894 conrumpere
791 2826 893 2874 vatesz·
991 2843 995 2847 ·

164 2922 217 2987 Ut.
236 2939 304 2978 cum
317 2920 387 2978 caesa
400 2919 449 2996 pio
461 2918 603 2977 oecidiffet
616 2918 733 2976 vitilma
746 2917 831 2989 ferro,

163 3022 269 3090 Effent,
286 3021 339 3098 qui
352 3039 491 3099 generum
503 3020 605 3078 Minoa
617 3021 778 3080 nuiton'bus
791 3020 864 3079 extis

161 3123 297 3202 Junget'e‚
317 3133 347 3184 et
360 3123 499 3202 ancipites
510 3122 660 3186 suaderent
673 3123 772 3182 tollere
784 3141 905 3202 pugnas.
953 3129 961 3141 ’“

125 3415 128 3420 ’
248 3472 383 3540 Α
