2194 3584
160 207 197 269 72
390 197 715 268 GEORGICON,
842 205 947 258 mma

158 353 232 412 AEre
243 354 385 412 renidenti
399 356 481 414 tellus
488 381 497 427 3
519 375 572 414 nec
584 357 654 414 dum
665 353 779 412 horrida
791 351 912 410 miscent

158 454 268 523 notia,
289 454 336 512 sed
350 456 452 514 dubius
465 458 566 515 mediis
576 459 655 515 Mars
668 465 743 516 errat
755 455 787 516 in
800 454 898 512 armis:

157 555 264 614 Omnia
277 557 331 614 sint
344 557 457 634 paribus
469 558 594 616 numeris
607 557 733 630 dimensa
746 555 864 624 viantm,

157 657 227 717 Non
240 657 370 718 animum
382 660 468 719 modo
481 660 525 716 uti
537 659 633 736 pascat
644 659 805 736 prospectus
817 658 933 715 inanem
938 681 947 730 ς

157 760 213 818 Sed
225 759 293 834 quia
306 778 364 820 uon
377 759 461 818 aliter
472 761 545 820 vires
558 761 638 820 dabit
650 761 782 820 omnibus
792 779 889 835 Naequas
910 741 914 751 ’

156 861 254 929 Terra,
262 860 520 937 nequcinvacunm
526 871 662 938 poterunt
670 859 699 920 se
707 863 860 920 extendere
867 859 948 919 rami.

159 1009 174 1028 ,.
194 961 320 1020 Forfitan
333 971 371 1031 et,
385 962 528 1021 scrobibus
541 984 605 1040 quae
618 965 672 1022 tint
684 963 804 1040 fastigia,
818 980 935 1038 quaeras.

157 1063 258 1122 Ausim
270 1065 316 1120 vel
327 1063 407 1120 tenui
421 1065 510 1123 vitem
522 1065 690 1123 conmittere
702 1065 794 1122 sulco:

157 1165 254 1229 Altior
264 1184 299 1228 ¹ac
311 1165 424 1242 penitus
436 1176 518 1224 terrae
528 1167 666 1244 defigitur
678 1169 774 1237 arbos;

157 1267 291 1325 AEscuius
303 1267 334 1324 in
344 1267 457 1343 primis:
480 1288 543 1344 quae
553 1277 692 1344 quantum
704 1253 810 1328 vertice
822 1270 857 1326 ad
869 1288 949 1329 auras

158 1368 312 1439 AEtherias,
333 1377 447 1426 tanturn
459 1370 553 1428 radice
564 1369 596 1426 in
609 1371 726 1428 Tartara
740 1371 842 1429 tendit.

157 1472 235 1546 Ergo
248 1489 306 1528 non
318 1470 425 1550 hiemes
440 1471 530 1540 illam,
547 1490 606 1530 non
619 1472 716 1540 flabra,
730 1491 823 1548 neque
835 1473 949 1541 imbres,

155 1568 345 1643 convellunt5
367 1572 476 1630 inmota
489 1583 596 1642 manet,
615 1573 918 1649 multosquenepotes,

156 1675 252 1735 Multa
265 1675 360 1734 virdrn
373 1676 487 1734 volvens
501 1676 629 1732 durando
642 1675 751 1744 saecula,
773 1674 877 1732 vincit:

157 1777 245 1845 Tum,
265 1775 346 1834 fortis
358 1777 416 1847 iate
428 1796 520 1834 ramos
533 1786 562 1834 et
575 1777 691 1834 brachia
704 1779 822 1834 tendens

155 1879 224 1934 Huc
238 1877 316 1948 illuc,
330 1878 424 1935 media
437 1877 505 1955 ipsa,
519 1878 668 1954 ingentem
680 1877 795 1936 sustinet
805 1880 947 1936 umbram.

193 1979 276 2038 Neve
290 1980 343 2036 tibi
356 1981 392 2037 ad
405 1980 492 2037 solem
506 1989 625 2056 vergant
636 1979 733 2037 vineta
748 1980 898 2064 cedentem
905 2004 914 2050 ;

156 2081 239 2139 Neve
252 2081 327 2139 inter
340 2081 412 2140 vites
424 2081 554 2138 corolum
567 2081 639 2139 sere:
662 2100 733 2140 neve
745 2081 859 2157 flagella

156 2184 272 2248 Summa
283 2191 358 2258 pete,
372 2193 421 2240 aut
435 2181 545 2244 summa
557 2182 698 2260 destringe
709 2199 746 2241 ex
759 2185 858 2241 arbore
867 2184 949 2259 plan·

234 2293 292 2354 tas5
420 2345 423 2352 .

153 2385 263 2454 Tantus
275 2403 356 2442 amor
368 2387 462 2444 terraei
485 2403 542 2443 neu
554 2386 629 2443 ferro
641 2387 714 2445 laede
726 2387 820 2444 retuso

55 2530 59 2539 .
154 2487 267 2553 Semina
272 2511 281 2557 3
304 2505 375 2546 neve
388 2487 458 2548 oleae
471 2487 598 2546 filrestris
607 2467 702 2546 *insere
716 2499 842 2546 truncos:

154 2589 186 2646 N
186 2606 233 2646 am
246 2587 319 2665 saepe
331 2588 454 2651 incautis
467 2590 623 2666 pastoribus
636 2589 745 2648 excidit
757 2589 844 2666 ignis,

154 2690 226 2760 Oui,
246 2690 348 2748 furtim
360 2690 465 2767 pingui
477 2691 604 2768 primurn
615 2691 667 2750 sub
680 2691 785 2748 cortice
798 2692 897 2762 tectus,

154 2793 265 2850 Robora
279 2793 455 2868 conprendit,
476 2793 647 2868 frondesque
664 2793 773 2871 elapsus
785 2793 817 2854 in
831 2795 900 2852 altas

153 2897 306 2971 Ingentem
319 2895 391 2954 coelo
404 2896 529 2954 sonitum
541 2897 629 2967 dedit,
649 2896 717 2954 inde
730 2896 865 2972 sequutus

154 2998 206 3054 Per
218 3015 310 3056 ramos
322 2997 411 3056 vidior
423 3015 529 3074 perque
541 2999 599 3058 alta
611 2999 758 3058 cacumina
771 3007 881 3074 regnat,

153 3099 191 3162 Et
204 3109 297 3161 toturn
308 3100 432 3160 involvit
443 3101 566 3160 dammis
578 3118 688 3170 nemus,
702 3109 732 3160 et
744 3100 804 3160 ruit
816 3109 907 3160 atram
924 3155 926 3162 Α
