2236 3584
144 237 173 282 v.
186 231 251 282 1⁵0.
418 291 422 304 Ι
454 221 554 282 ΜΒ»
589 218 661 280 lv..
889 233 941 294 ιη
976 269 980 280 .

144 377 278 448 Addidit,
299 379 463 455 expediam
485 398 537 456 pro
549 380 606 456 qud
618 377 757 446 mercede,
774 377 891 442 ‘canoros

145 481 288 539 Curetum
300 480 408 538 sonitus
420 481 646 559 crepitantiaque
658 497 714 538 aura
727 479 840 550 secutae,

43 569 47 576 ’
144 583 256 640 Diclaeo
268 583 334 640 coeli
347 602 444 660 regem
456 603 559 660 pavere
571 584 623 654 sub
635 569 738 640 antro.=

84 727 92 744 .
146 685 219 742 Solae
231 686 391 761 communis
403 695 513 762 gnatos,
533 669 761 747 consortia'teua

146 787 245 856 Urbis,
264 788 386 860 habent;
408 789 576 865 magnisque
588 787 701 864 agitant
714 788 765 846 sub
775 786 890 864 legibus
902 807 940 846 ae

223 910 306 962 vum;

145 994 184 1051 Et
195 994 318 1070 patriam
331 993 405 1063 solae,
426 1003 456 1051 et
468 1003 559 1052 certos
573 1013 677 1052 novere
690 993 801 1052 Penatis
807 1017 817 1066 ς

144 1097 339 1172 Venturaeque
352 1096 454 1154 hiemis
467 1113 606 1154 memores
618 1097 712 1154 aestate
725 1095 852 1154 laborem

46 1223 49 1231 Δ
144 1199 348 1275 Experiuntur,
368 1199 442 1256 etin
455 1198 585 1256 medium
598 1198 712 1274 quaesrta
726 1207 875 1274 reponunt.
974 1267 975 1276 χ

144 1301 281 1376 Namque
294 1279 357 1357 aliae
371 1301 448 1358 victu
461 1299 625 1377 invigilant,
644 1310 674 1358 et
687 1299 794 1358 foederc
807 1300 889 1377 pacto

143 1405 322 1462 Exercentur
335 1404 422 1480 agris:
444 1421 508 1480 pars
520 1404 596 1462 intra
609 1405 696 1482 saepta
708 1405 859 1462 domorum

144 1505 266 1564 Narciffi
280 1506 437 1576 lacrimam,
457 1516 487 1563 et
498 1507 610 1564 lentum
625 1507 660 1564 de
672 1506 778 1564 cortice
791 1507 900 1582 gluten,

144 1608 240 1686 Prima
249 1607 325 1679 ¹favis
338 1615 450 1684 ponunt
461 1607 641 1679 fundamina,
661 1608 765 1666 deinde
778 1608 887 1666 tenacia
956 1627 958 1634 ⁴

145 1711 327 1786 suspendunt
339 1727 429 1781 ceras;
452 1709 524 1780 aliae,
545 1711 623 1787 spem
635 1710 738 1788 gentis,
758 1709 869 1768 adultos

145 1813 282 1870 Educunt
292 1813 381 1884 fetus,
404 1813 467 1872 aliae
477 1813 623 1890 puriffima
635 1813 722 1870 mella

145 1915 267 1991 Stipant,
286 1923 316 1972 et
328 1913 438 1990 liquido
452 1913 617 1972 distendunt
629 1915 742 1972 nectare
756 1915 848 1973 cellas.

144 2018 226 2086 Sunt,
247 2017 351 2092 quibus
364 2017 399 2074 ad
412 2025 506 2093 portas
518 2016 622 2074 cecidit
635 2017 759 2075 custodia
773 2017 854 2089 sorti;

143 2119 237 2195 Inque
249 2119 342 2176 vicem
354 2119 534 2194 speculantur
546 2137 632 2194 aquas
644 2128 674 2176 et
686 2119 787 2176 nubila
799 2118 878 2192 coeli3

144 2225 207 2281 Aut
221 2241 307 2280 onera
319 2221 469 2298 excipiunt
481 2222 657 2293 venientum,
678 2232 728 2280 aut
741 2223 858 2300 agmine
866 2223 941 2282 fado

143 2326 295 2400 Ignavum,
316 2325 406 2393 fucos,
425 2343 511 2401 pecus
524 2325 725 2402 apraesepibus
737 2337 848 2386 arcent:

143 2428 244 2485 Fervet
257 2445 337 2504 opus,
357 2426 542 2503 redolentque
555 2415 657 2505 thymo
677 2430 832 2506 fragrantia
840 2412 940 2489 mella.

143 2531 189 2586 Ac
202 2530 302 2598 veluti,
322 2529 406 2587 lentis
418 2529 557 2607 Cyclopes
570 2530 693 2589 fulmina
706 2529 798 2589 mallis

143 2632 247 2689 Quum
260 2641 421 2708 properant,
442 2632 492 2690 alii
507 2633 624 2690 taurinis
637 2633 754 2691 follibus
765 2653 848 2701 auras

143 2733 307 2810 Adcipiunt
319 2725 508 2809 redduntque,
528 2735 579 2792 alii
592 2735 736 2794 stridentia
750 2735 889 2812 tinguunt

143 2835 218 2892 AEra
231 2835 295 2893 lacu
302 2860 311 2906 ;
333 2835 424 2912 gemit
436 2835 563 2912 inpofitis
575 2837 727 2895 incudibus
740 2839 847 2896 AEtna:

143 2938 192 2996 Illi
204 2938 281 2996 inter
293 2938 352 2996 sese
364 2940 469 3016 magud
482 2939 512 2997 vi
526 2940 641 2998 brachia
656 2941 762 2998 tollunt

144 3041 179 3098 In
192 3059 353 3111 numerum,
366 3041 535 3117 versantque
548 3043 642 3100 tenaci
655 3043 762 3119 forcipe
775 3043 897 3104 sermm:

143 3141 214 3210 Non
227 3143 318 3216 aliter,
340 3143 360 3200 sr
374 3161 460 3221 parva
473 3143 542 3202 licet
555 3163 715 3222 conponere
728 3149 849 3232 maguis,
