2236 3584
142 245 261 316 nasos·
426 237 525 300 ΜΒ.
564 239 616 300 IV.
886 249 940 302 rra

141 391 316 476 Ignaraeque
328 394 414 468 same,
435 407 466 454 et
476 395 623 455 'contrasto
635 395 743 473 frigore
756 395 854 474 pigrae.

141 503 221 560 Tum
234 501 318 560 sonus
332 501 448 560 auditur
460 499 580 578 gravior,
599 483 768 576 trattimqne
781 499 941 573 susurrant;

141 605 275 682 Frigidus
288 613 322 662 ut
334 607 480 681 quondam
493 604 569 662 filvis
582 603 774 665 inmurmurat
787 605 901 675 Auster,

141 709 187 766 Ut
199 727 277 766 mare
290 697 446 767 sollicitum
459 707 549 766 stridit
562 705 748 765 refluentibus
761 701 856 778 undis,

141 812 260 870 AEstuat
272 821 305 869 ut
319 813 418 870 clausis
430 813 545 888 rapidus
557 810 721 868 fornacibus
734 810 826 886 iguis)

142 915 202 972 Hic
210 913 273 992 jam
287 915 440 991 galbaneos
452 914 576 974 suadebo
587 914 742 972 incendere
754 915 866 985 odores,
890 931 892 934 ·

143 1017 294 1094 Mellaqne
307 1018 471 1076 arundineis
483 1018 591 1076 inferre
603 1017 752 1076 canalibus
763 1017 849 1086 ultro,

142 1121 327 1190 Hortantem‚
347 1122 471 1180 etfeffas
484 1123 521 1180 ad
533 1121 637 1199 pabula
651 1130 720 1180 nota
735 1127 895 1180 vocantem.

143 1221 271 1282 Proderit
283 1233 313 1282 et
327 1212 443 1282 tunsum
456 1223 540 1302 gallae
552 1225 706 1284 admiscere
718 1223 857 1301 saporem,

144 1327 319 1404 Arentisque
331 1328 414 1398 rosas,
434 1337 485 1386 aut
496 1327 561 1404 igni
572 1328 692 1405 pinguia
705 1329 797 1387 multo

144 1431 278 1499 Defruta,
297 1431 343 1488 vei
356 1431 470 1508 psythit
481 1431 572 1509 passos
584 1433 620 1491 de
633 1432 693 1491 vite
707 1451 841 1502 racemos,

143 1533 372 1611 Cecropiumque
381 1535 525 1613 thymum,
533 1543 564 1593 et
570 1554 657 1612 grave
664 1535 772 1594 olentia
779 1544 951 1594 centaurea:

144 1637 193 1695 Est
205 1637 295 1696 etiam
307 1639 359 1696 flos
372 1638 404 1696 in
416 1618 514 1716 pratia
534 1639 583 1696 cui
596 1659 701 1697 nomen
714 1623 828 1698 amello

144 1740 248 1798 Fecere
261 1741 407 1818 agricolao:
429 1741 521 1800 facilis
535 1743 727 1818 quaerentibus
741 1743 828 1800 herba
833 1767 842 1813 ;
940 1791 941 1794 ,

144 1843 284 1920 Namque
296 1863 355 1903 uno
366 1844 517 1922 ingentem
530 1846 606 1903 tollit
618 1847 654 1904 de
666 1845 773 1922 cespite
785 1845 893 1915 srlvarn,
986 1873 987 1880 κ

144 1948 260 2006 Aureus
272 1947 347 2024 ipse;
368 1948 417 2006 sed
429 1949 461 2006 in
473 1948 560 2017 soliis,
581 1967 645 2026 quae
657 1948 781 2026 plurima
794 1947 903 2006 circum

141 2049 323 2121 Fundanus,
336 2050 420 2109 vioiae
433 2051 563 2109 sublucet
575 2071 699 2130 purpura
712 2051 817 2128 nigrae;

143 2155 223 2230 Saepe
235 2154 323 2212 desim
336 2155 418 2212 nexis
431 2165 540 2214 ornatae
554 2155 702 2232 torquibus
715 2174 784 2226 arae3

143 2255 238 2334 Asper
248 2256 281 2314 in
294 2275 342 2314 ore
355 2256 451 2333 sapor3
473 2257 559 2315 tonsts
571 2257 603 2314 iu
614 2257 737 2317 vallibus
749 2256 835 2314 illum

143 2359 267 2417 Pastores
280 2368 310 2417 et
322 2379 408 2418 curva
421 2360 523 2436 legunt
535 2379 624 2437 prope
636 2360 758 2418 flumina
768 2359 877 2418 Mella.

143 2461 238 2540 Hujus
251 2463 369 2520 odorato
381 2463 489 2521 radices
502 2463 625 2539 incoque
639 2463 761 2532 Baccho,

144 2565 308 2642 Pabulaque'
319 2567 351 2624 in
364 2567 473 2625 soribns
486 2567 578 2644 plenis
591 2569 701 2644 adpone
713 2565 851 2624 canistris.

183 2669 248 2740 Sed,
268 2670 389 2745 siquem
402 2671 495 2746 proles
507 2669 602 2728 subito
614 2670 753 2728 defecerit
766 2667 869 2738 onmis,

142 2770 217 2842 Nec,
238 2789 328 2849 genus
340 2774 417 2830 unde
430 2791 511 2831 novae
525 2773 619 2850 stirpis
632 2781 789 2840 revocetur,
804 2769 923 2828 habebit
930 2793 942 2840 3

140 2875 269 2952 Tempus
281 2883 312 2932 et
325 2875 443 2934 Arcadii
456 2878 640 2934 memoranda
652 2877 770 2934 inventa
781 2873 913 2950 magistri

140 2977 278 3045 Pandere,
294 2997 409 3056 quoqne
421 2981 507 3037 modo
520 2980 596 3038 caefis
604 2979 666 3056 jam
678 2979 752 3055 saepe
760 2975 892 3054 juvencis

139 3079 299 3138 insincerus
312 3099 377 3159 apes
389 3081 489 3140 tulerit
501 3101 598 3140 cruor:
620 3081 706 3142 nitius
717 3099 834 3138 omnem

140 3181 311 3262 Expedia'm,
330 3185 428 3263 primi
436 3195 568 3262 repetens
581 3184 751 3262 aborigine,
771 3184 888 3258 samam
