2236 3584
366 235 697 298 cnrrnncrn.
878 244 930 309 ω

134 389 274 472 Sedetque
287 394 360 465 sede,
382 394 467 471 seque
479 394 592 452 dedicat
604 393 669 462 tibi,

133 499 265 558 Gemelle
278 498 383 566 Castor,
402 507 432 555 et
445 498 566 574 gemelle
578 495 706 554 Castoris.

510 761 563 818 IX.

435 919 476 957 AD
497 916 633 956 VARIUM·

137 1077 168 1134 Sr
183 1076 250 1134 licet
263 1076 318 1134 hoc
331 1077 389 1134 fine
402 1075 510 1143 fraude,
524 1073 595 1132 Vari
608 1073 775 1144 dulciffime,
789 1073 882 1134 dicam
889 1100 899 1148 ς

176 1177 352 1256 Dispeream,
373 1178 426 1236 nisr
439 1197 486 1236 me
498 1177 622 1254 perdidit
634 1177 685 1234 iste
698 1187 794 1253 putus.

139 1281 189 1339 Sin
201 1290 298 1340 autem
310 1265 451 1358 praecepti
464 1289 562 1338 vetant
575 1300 622 1338 me
635 1281 729 1338 dicere
732 1306 742 1352 5
762 1280 838 1351 sane,

177 1384 246 1442 Non
260 1385 368 1444 dicam:
390 1384 439 1441 sed
452 1402 499 1442 me
511 1383 636 1460 perdidit
646 1384 698 1444 iste
709 1402 790 1460 puer.

516 1649 554 1708 X.

367 1813 408 1851 An
430 1813 551 1852 vunnu
572 1811 712 1854 morus,

140 1970 297 2040 Vanum,
317 1988 381 2045 quae
394 1967 508 2047 Syronis
521 1989 590 2042 eras,
611 1979 640 2028 et
652 1989 760 2047 pauper
772 1971 873 2048 agello,

178 2074 287 2130 Verum
299 2070 344 2129 illi
356 2073 473 2130 domino
486 2083 518 2130 tn
531 2093 645 2149 quoque
657 2073 780 2146 divitiae;

140 2177 193 2235 Me
203 2175 266 2245 tibi,
280 2185 309 2232 et
320 2159 371 2233 iroa
381 2176 439 2232 uni
449 2195 573 2247 mecum,
593 2187 623 2235 et
633 2197 704 2254 quos
713 2177 824 2254 semper
834 2175 937 2248 amavi,

180 2278 291 2354 Siquid
304 2279 340 2336 de
358 2277 450 2354 patrii
463 2277 568 2336 tristius
581 2280 705 2349 audiero,

141 2381 323 2452 Conmend03
340 2381 538 2459 inprimisque
550 2391 673 2459 patrem:
690 2393 723 2440 tu
732 2401 810 2442 nunc
819 2383 874 2442 eris
883 2383 937 2454 illi,

179 2485 302 2544 Mantua
314 2485 391 2561 quod
403 2486 505 2556 suerat,
519 2485 653 2563 quodque
665 2487 816 2559 Cremona,
829 2487 916 2564 prius.

508 2749 562 2808 XI.

310 2905 352 2945 AD
366 2907 399 2946 Μ.
414 2905 579 2948 vammum
593 2907 763 2950 ireseum.

141 3058 247 3127 Pauca
259 3061 343 3132 mihi,
363 3064 446 3124 niveo
459 3064 507 3124 sed
520 3085 578 3124 non
590 3066 738 3144 incognita
751 3066 867 3140 Phoebo,

180 3162 271 3234 Pauca
282 3165 364 3239 mihi,
378 3167 483 3241 dodae,
503 3169 599 3244 dicite,
620 3169 774 3247 Pegasides.
