2236 3584
161 199 217 269 tue
391 195 718 256 CATALECTA.
866 204 955 256 v.25.

161 357 242 413 Stant
254 353 285 412 in
300 352 389 441 ¹vadia,
408 371 491 410 coeno
502 357 622 410 retente
634 350 756 421 sordido,

200 459 355 534 Maurique
367 456 505 516 ludentes
517 453 601 530 aqud.

162 557 266 637 Neque
279 561 311 618 in
325 561 459 628 culinam,
479 566 509 616 et
520 557 607 614 unda
618 556 794 634 compitalia,

201 665 353 740 Dapeaque
364 664 452 719 duces
465 659 602 718 sordidas:

165 766 280 824 Quibus
293 765 427 842 repletus,
447 771 481 820 ut
492 762 614 822 salivofis
626 762 706 839 aquis

203 867 329 926 Obesam
342 869 378 924 ad
391 884 510 924 uxorem
522 864 613 922 redint

52 963 56 972 '
165 972 203 1028 Et
215 971 363 1028 aestuantes
376 970 459 1028 noete
472 967 555 1027 solvis
567 967 705 1044 pantices,

203 1072 334 1148 Olnsque
345 1071 447 1130 lambis
460 1070 557 1129 saviis!

166 1176 197 1234 N
198 1195 254 1234 unc
267 1175 348 1245 taede,
369 1192 446 1232 nunc
459 1173 568 1242 lacess'e,
586 1173 608 1232 fi
621 1171 779 1248 quidquam
791 1173 879 1246 valeat

205 1279 243 1335 Et
255 1296 360 1335 nomen
373 1276 501 1346 adscribo
515 1285 607 1334 tuum.

168 1380 286 1439 Cinaede
300 1380 381 1448 Luci,
402 1398 439 1438 an
451 1388 481 1436 te
493 1377 671 1453 reliquerunt
683 1398 759 1456 opes,

207 1485 349 1559 Fameque
363 1481 481 1560 genuini
494 1485 629 1558 erepant?
864 1562 867 1566 ἱ

168 1586 281 1644 Videbo
295 1586 448 1644 habentem
459 1594 563 1662 praeter
574 1585 693 1662 ignavos
706 1584 781 1644 nihil

208 1689 327 1759 Fratres,
347 1697 377 1746 et
388 1688 494 1746 iratum
508 1689 619 1764 Jovem‚

170 1789 345 1868 scissumque
358 1801 497 1857 ventrem.
517 1799 547 1850 et
559 1789 681 1848 herniosi
694 1789 788 1870 patrui

209 1896 295 1954 Pedes
308 1894 404 1953 inedid
417 1894 554 1972 turgidos.

541 2119 594 2176 VI.

462 2263 502 2305 AD
522 2265 678 2307 VERREM·

174 2403 204 2458 Sr
219 2398 293 2459 mihi
306 2399 466 2478 susceptum
478 2401 568 2460 fuerit
580 2403 728 2460 decurrere
738 2420 852 2471 munna,
868 2459 870 2468 ,

212 2502 241 2562 Ο
253 2502 383 2580 Paphon!
405 2524 423 2562 ο
436 2504 514 2563 sedes
527 2525 591 2581 quae
603 2505 674 2564 eolis
683 2505 802 2568 idalias!

174 2607 279 2664 Troius
294 2607 402 2665 AEneas
415 2609 542 2667 Romana
554 2628 605 2686 per
616 2608 721 2686 oppida
734 2608 822 2685 digno
949 2629 953 2636 ·

213 2712 279 2787 Jnm
292 2711 407 2768 tandem
419 2721 453 2768 ut
466 2720 561 2770 tecum
574 2713 700 2771 carmine
712 2712 808 2771 venus
820 2717 879 2768 eat:

174 2813 243 2870 Non
257 2831 311 2890 ego
324 2821 388 2871 ture
399 2816 494 2885 modo,
513 2825 565 2874 aut
575 2817 657 2895 padi
669 2827 719 2875 tua
732 2815 837 2892 templa
855 2811 968 2882 tabent,

132 2919 135 2925 '
213 2914 338 2985 Ornabo,
357 2925 387 2973 et
399 2918 477 2994 puris
489 2917 561 2996 serta
574 2920 664 2980 feram
676 2919 822 2992 manibus3
955 2915 958 2920 ’

175 3018 314 3096 Corniger
326 3019 377 3077 hos
390 3020 470 3091 aries,
490 3022 616 3092 humilis,
636 3031 665 3080 et
677 3022 803 3081 maxima
817 3030 922 3092 taurus,

212 3121 346 3193 Viffima,
367 3123 488 3184 sacratos
500 3125 614 3204 tinguet
627 3126 733 3186 honore
745 3126 836 3185 focos:
