2236 3584
169 223 225 286 116
399 222 731 295 GEORGICON,
856 227 968 294 wey.

165 379 245 440 Nam
258 378 315 456 qui
329 379 425 438 Pellaei
438 399 507 458 gens
517 382 664 439 fortunata
677 380 791 458 Canopi

165 485 284 544 Adcolit
296 483 387 542 effuso
399 484 577 562 stagnantem
588 485 709 544 flumine
724 485 839 554 Nilum,

165 589 205 646 Et
217 589 326 651 circum
338 587 421 666 pistis
433 588 548 646 vehitur
560 587 609 646 sua
623 607 687 646 rura
700 586 808 658 faselis;

167 691 292 768 Quaque
305 691 474 774 pharetratae
487 690 596 749 vicinia
609 691 726 748 Persidis
739 701 856 767 urguet,

165 795 204 852 Et
217 794 330 853 diversa
343 813 426 852 ruens
439 794 547 870 septem
561 793 693 852 discurrit
704 795 736 852 in
748 813 797 853 ora

165 898 266 974 Usque
278 897 411 956 coloratis
424 885 515 956 amnis
529 899 655 956 devexus
670 900 707 956 ab
720 897 809 968 Indis,

166 1002 210 1061 Ut
222 1000 344 1060 viridem
357 1002 522 1078 AEgyptum
535 1001 618 1078 nigrb
630 1001 767 1060 fecundet
779 1000 877 1072 arena}

165 1106 271 1168 Omnis
284 1106 315 1163 in
328 1105 383 1164 hac
395 1115 503 1163 certam
516 1105 596 1181 regio
603 1104 676 1182 jacit
689 1113 750 1162 arte
763 1103 895 1164 salutem

205 1210 335 1286 Exiguus
344 1209 479 1285 primum,
490 1217 576 1284 atque
587 1207 661 1285 ipsos
671 1208 833 1266 coutraetus
843 1209 879 1266 ad
888 1207 963 1279 usus,

167 1312 293 1390 Eligitur
305 1313 398 1370 locus:
420 1312 498 1370 hunc
511 1312 680 1388 angustique
692 1311 813 1370 imbrice
825 1311 894 1370 testi

167 1415 383 1490 Parietibusque
395 1424 530 1492 premunt
543 1415 619 1484 artis,
638 1423 668 1472 et
680 1423 804 1491 quatuor
815 1415 933 1482 addunt,

169 1520 304 1580 Quatuor
316 1539 332 1578 a
345 1518 447 1586 ventis,
467 1519 583 1595 obliqui
595 1519 660 1576 luce
672 1517 815 1576 fenestras.

166 1625 246 1683 Trnn
258 1623 373 1693 vitulus,
393 1622 473 1681 birni
486 1641 604 1684 curvans
613 1620 674 1698 jam
687 1641 793 1680 cornua
806 1622 912 1689 fronte,

169 1727 332 1786 Quaeritur:
354 1727 423 1785 huic
437 1726 561 1803 geminae
579 1745 669 1795 nares,
689 1735 720 1784 et
731 1725 847 1802 spiritus
859 1725 925 1793 oris,

167 1831 441 1899 Maluentum,
461 1829 604 1901 obsuitur3
625 1829 775 1906 plagisque
787 1837 915 1905 peremto

80 1929 82 1936 ’
167 1933 265 1994 Tunsa
278 1953 329 2010 per
341 1933 485 2010 integram
497 1933 645 1992 solvuntur
656 1933 761 1992 viscera
773 1932 889 2010 pellem.

168 2038 215 2097 Sic
228 2037 351 2114 positum
362 2037 393 2094 in
406 2037 502 2096 clauso
515 2037 660 2112 linquunt,
681 2046 711 2094 et
723 2054 818 2094 ramea
831 2033 914 2092 costis

161 2140 330 2218 Subjiciunt
343 2141 514 2218 fragmenta,
527 2140 670 2216 thymum,
684 2139 825 2214 cassasque
834 2138 965 2196 recentis.

167 2245 235 2302 Hoc
243 2243 361 2320 geritur,
370 2243 509 2319 Zephyris
517 2242 643 2318 primurn
653 2240 858 2318 inpellentibus
866 2241 974 2310 undas,

168 2349 249 2405 Ante
262 2345 344 2403 novis
356 2347 477 2402 rubeant
490 2339 576 2421 quarn
588 2355 668 2422 prata
682 2344 831 2414 coloribus,
852 2354 919 2402 ante

169 2450 290 2510 Garrula
304 2453 391 2525 quam
403 2441 493 2525 tignis
505 2449 607 2506 nidum
620 2447 772 2524 suspendat
785 2447 918 2504 hirundo.

168 2531 292 2622 Interea,
313 2553 416 2610 teneris
430 2551 586 2628 tepesabius
598 2551 630 2608 in
643 2550 746 2609 offibns
759 2550 863 2608 humor

169 2657 294 2726 AEstuat,
314 2670 345 2714 et
357 2655 473 2714 visenda
486 2655 578 2712 modis
591 2654 726 2712 animalia
739 2653 829 2723 miris,
856 2679 871 2700 ν

169 2754 286 2822 Trunca
299 2760 405 2836 pedum
419 2759 522 2835 primo,
542 2777 611 2816 mox
624 2767 654 2815 et
667 2757 812 2816 stridentia
824 2756 927 2834 pennis

169 2864 340 2930 Miscentur,
355 2872 529 2938 tenuemque
539 2861 631 2939 magis
644 2861 737 2937 magis
749 2863 815 2920 aera
827 2869 978 2938 carpuntrj

170 2967 280 3037 Donec,
302 2977 334 3023 ut
347 2964 448 3023 aestivis
460 2964 564 3022 effusus
577 2964 701 3022 nubibus
713 2965 815 3034 imber,

169 3071 313 3146 Erupere;
335 3078 385 3126 aut
397 3077 440 3138 ut,
460 3087 547 3126 nervo
559 3068 698 3145 pulsante,
718 3067 840 3144 sagittae,

170 3172 266 3231 Prima
278 3172 354 3231 leves
366 3170 470 3252 ineunt
482 3171 503 3232 st
516 3171 631 3248 quando
643 3171 744 3253 proelia
757 3169 862 3250 Parthi.
927 3245 932 3252 Ι
973 3223 977 3231 .
