<?xml version="1.0" encoding="UTF-8"?>
<!DOCTYPE html PUBLIC "-//W3C//DTD XHTML 1.0 Transitional//EN"
    "http://www.w3.org/TR/xhtml1/DTD/xhtml1-transitional.dtd">
<html xmlns="http://www.w3.org/1999/xhtml" xml:lang="en" lang="en">
 <head>
  <title>
</title>
<meta http-equiv="Content-Type" content="text/html;charset=utf-8" />
  <meta name='ocr-system' content='tesseract 3.04.00' />
  <meta name='ocr-capabilities' content='ocr_page ocr_carea ocr_par ocr_line ocrx_word'/>
</head>
<body>
  <div class='ocr_page' id='page_1' title='image "./pvirgiliimaroni02wakegoog/pvirgiliimaroni02wakegoog_0233.png"; bbox 0 0 2208 3574; ppageno 0'>
   <div class='ocr_carea' id='block_1_1' title="bbox 180 165 970 239">
    <p class='ocr_par' dir='ltr' id='par_1_1' title="bbox 180 165 970 239">
     <span class='ocr_line' id='line_1_1' title="bbox 180 165 970 239; baseline -0.001 -11"><span class='ocrx_word' id='word_1_1' title='bbox 180 177 239 230; x_wconf 88' lang='grc'><strong>222</strong></span> <span class='ocrx_word' id='word_1_2' title='bbox 292 188 295 196; x_wconf 76' lang='grc'><em>“</em></span> <span class='ocrx_word' id='word_1_3' title='bbox 455 165 731 238; x_wconf 84' lang='lat' dir='ltr'>AENEIDOS,</span> <span class='ocrx_word' id='word_1_4' title='bbox 865 175 970 239; x_wconf 78' lang='lat' dir='ltr'><strong>v.l7l,.</strong></span> 
     </span>
    </p>
   </div>
   <div class='ocr_carea' id='block_1_2' title="bbox 176 321 1100 1221">
    <p class='ocr_par' dir='ltr' id='par_1_2' title="bbox 177 321 878 397">
     <span class='ocr_line' id='line_1_2' title="bbox 177 321 878 397; baseline -0.003 -15"><span class='ocrx_word' id='word_1_5' title='bbox 177 323 242 382; x_wconf 87' lang='lat' dir='ltr'><strong>Nec</strong></span> <span class='ocrx_word' id='word_1_6' title='bbox 254 323 348 382; x_wconf 88' lang='lat' dir='ltr'><strong>dubiis</strong></span> <span class='ocrx_word' id='word_1_7' title='bbox 361 340 393 380; x_wconf 88' lang='lat' dir='ltr'><strong>ea</strong></span> <span class='ocrx_word' id='word_1_8' title='bbox 407 322 485 397; x_wconf 82' lang='lat' dir='ltr'><strong>sigua</strong></span> <span class='ocrx_word' id='word_1_9' title='bbox 499 321 578 379; x_wconf 86' lang='lat' dir='ltr'><strong>dedit</strong></span> <span class='ocrx_word' id='word_1_10' title='bbox 590 322 720 382; x_wconf 85' lang='lat' dir='ltr'>Tritonia</span> <span class='ocrx_word' id='word_1_11' title='bbox 734 321 878 380; x_wconf 87' lang='lat' dir='ltr'><strong>monstris:</strong></span> 
     </span>
    </p>

    <p class='ocr_par' dir='ltr' id='par_1_3' title="bbox 177 423 922 503">
     <span class='ocr_line' id='line_1_3' title="bbox 177 423 922 503; baseline -0.001 -19"><span class='ocrx_word' id='word_1_12' title='bbox 177 427 236 484; x_wconf 84' lang='lat' dir='ltr'><strong>Vix</strong></span> <span class='ocrx_word' id='word_1_13' title='bbox 249 425 371 503; x_wconf 77' lang='lat' dir='ltr'><strong>positum</strong></span> <span class='ocrx_word' id='word_1_14' title='bbox 384 424 476 482; x_wconf 88' lang='lat' dir='ltr'><strong>castris</strong></span> <span class='ocrx_word' id='word_1_15' title='bbox 490 423 679 494; x_wconf 88' lang='lat' dir='ltr'><strong>simulacrum,</strong></span> <span class='ocrx_word' id='word_1_16' title='bbox 699 425 788 482; x_wconf 85' lang='lat' dir='ltr'><strong>arsere</strong></span> <span class='ocrx_word' id='word_1_17' title='bbox 801 425 922 484; x_wconf 84' lang='lat' dir='ltr'><strong>coruscae</strong></span> 
     </span>
    </p>

    <p class='ocr_par' dir='ltr' id='par_1_4' title="bbox 178 526 939 605">
     <span class='ocr_line' id='line_1_4' title="bbox 178 526 939 605; baseline 0 -18"><span class='ocrx_word' id='word_1_18' title='bbox 178 529 349 588; x_wconf 89' lang='lat' dir='ltr'><strong>Luminibus</strong></span> <span class='ocrx_word' id='word_1_19' title='bbox 361 529 485 586; x_wconf 85' lang='lat' dir='ltr'><strong>flammae</strong></span> <span class='ocrx_word' id='word_1_20' title='bbox 499 526 626 596; x_wconf 70' lang='lat' dir='ltr'><strong>adrectis,</strong></span> <span class='ocrx_word' id='word_1_21' title='bbox 647 527 787 603; x_wconf 89' lang='lat' dir='ltr'><strong>salsusque</strong></span> <span class='ocrx_word' id='word_1_22' title='bbox 799 548 850 605; x_wconf 90' lang='lat' dir='ltr'><strong>per</strong></span> <span class='ocrx_word' id='word_1_23' title='bbox 862 537 939 588; x_wconf 84' lang='lat' dir='ltr'><strong>artua</strong></span> 
     </span>
    </p>

    <p class='ocr_par' dir='ltr' id='par_1_5' title="bbox 178 627 858 706">
     <span class='ocr_line' id='line_1_5' title="bbox 178 627 858 706; baseline -0.007 -15"><span class='ocrx_word' id='word_1_24' title='bbox 178 634 268 691; x_wconf 89' lang='lat' dir='ltr'>Sudor</span> <span class='ocrx_word' id='word_1_25' title='bbox 280 631 328 690; x_wconf 88' lang='lat' dir='ltr'><strong>iit:</strong></span> <span class='ocrx_word' id='word_1_26' title='bbox 351 627 449 706; x_wconf 85' lang='lat' dir='ltr'><strong>terque</strong></span> <span class='ocrx_word' id='word_1_27' title='bbox 461 629 520 705; x_wconf 89' lang='lat' dir='ltr'><strong>ipsa</strong></span> <span class='ocrx_word' id='word_1_28' title='bbox 534 629 601 698; x_wconf 92' lang='lat' dir='ltr'><strong>solo,</strong></span> <span class='ocrx_word' id='word_1_29' title='bbox 622 629 753 688; x_wconf 85' lang='lat' dir='ltr'><strong>mirabile</strong></span> <span class='ocrx_word' id='word_1_30' title='bbox 765 631 858 688; x_wconf 75' lang='lat' dir='ltr'><strong>dislul</strong></span> 
     </span>
    </p>

    <p class='ocr_par' dir='ltr' id='par_1_6' title="bbox 177 733 968 919">
     <span class='ocr_line' id='line_1_6' title="bbox 177 733 968 809; baseline 0.001 -17"><span class='ocrx_word' id='word_1_31' title='bbox 177 734 312 803; x_wconf 87' lang='lat' dir='ltr'><strong>Emicuit,</strong></span> <span class='ocrx_word' id='word_1_32' title='bbox 339 751 523 809; x_wconf 81' lang='lat' dir='ltr'><strong>parmamque</strong></span> <span class='ocrx_word' id='word_1_33' title='bbox 545 733 638 788; x_wconf 86' lang='lat' dir='ltr'><strong>serens</strong></span> <span class='ocrx_word' id='word_1_34' title='bbox 661 733 824 808; x_wconf 84' lang='lat' dir='ltr'><strong>hastamque</strong></span> <span class='ocrx_word' id='word_1_35' title='bbox 845 745 968 793; x_wconf 85' lang='lat' dir='ltr'><strong>tremen-</strong></span> 
     </span>
     <span class='ocr_line' id='line_1_7' title="bbox 255 847 428 919; baseline 0.006 -26"><span class='ocrx_word' id='word_1_36' title='bbox 255 847 323 919; x_wconf 86' lang='lat' dir='ltr'><strong>tem.</strong></span> <span class='ocrx_word' id='word_1_37' title='bbox 425 859 428 866; x_wconf 59' lang='lat'><strong>⁴</strong></span> 
     </span>
    </p>

    <p class='ocr_par' dir='ltr' id='par_1_7' title="bbox 177 889 1100 1084">
     <span class='ocr_line' id='line_1_8' title="bbox 177 889 1100 1084; baseline 0.002 -87"><span class='ocrx_word' id='word_1_38' title='bbox 177 940 330 1015; x_wconf 87' lang='lat' dir='ltr'><strong>Extemplo</strong></span> <span class='ocrx_word' id='word_1_39' title='bbox 343 939 478 994; x_wconf 89' lang='lat' dir='ltr'><strong>tentanda</strong></span> <span class='ocrx_word' id='word_1_40' title='bbox 495 937 565 1013; x_wconf 74' lang='lat' dir='ltr'><strong>fugai</strong></span> <span class='ocrx_word' id='word_1_41' title='bbox 579 938 656 996; x_wconf 90' lang='lat' dir='ltr'><strong>canit</strong></span> <span class='ocrx_word' id='word_1_42' title='bbox 669 958 781 1014; x_wconf 89' lang='lat' dir='ltr'><strong>aequora</strong></span> <span class='ocrx_word' id='word_1_43' title='bbox 794 940 913 998; x_wconf 89' lang='lat' dir='ltr'><strong>Calchas</strong></span> <span class='ocrx_word' id='word_1_44' title='bbox 918 966 927 1012; x_wconf 75' lang='lat'>5</span> <span class='ocrx_word' id='word_1_45' title='bbox 1095 889 1100 1084; x_wconf 39' lang='lat' dir='ltr'><strong>l</strong></span> 
     </span>
    </p>

    <p class='ocr_par' dir='ltr' id='par_1_8' title="bbox 176 1039 858 1118">
     <span class='ocr_line' id='line_1_9' title="bbox 176 1039 858 1118; baseline 0 -18"><span class='ocrx_word' id='word_1_46' title='bbox 176 1043 241 1100; x_wconf 89' lang='lat' dir='ltr'><strong>Nec</strong></span> <span class='ocrx_word' id='word_1_47' title='bbox 253 1042 328 1118; x_wconf 80' lang='lat' dir='ltr'><strong>polle</strong></span> <span class='ocrx_word' id='word_1_48' title='bbox 342 1041 484 1116; x_wconf 86' lang='lat' dir='ltr'>Argolicis</span> <span class='ocrx_word' id='word_1_49' title='bbox 496 1039 623 1098; x_wconf 84' lang='lat' dir='ltr'>exscindi</span> <span class='ocrx_word' id='word_1_50' title='bbox 637 1043 771 1118; x_wconf 87' lang='lat' dir='ltr'><strong>Pergama</strong></span> <span class='ocrx_word' id='word_1_51' title='bbox 786 1043 858 1112; x_wconf 88' lang='lat' dir='ltr'><strong>telis,</strong></span> 
     </span>
    </p>

    <p class='ocr_par' dir='ltr' id='par_1_9' title="bbox 176 1145 920 1221">
     <span class='ocr_line' id='line_1_10' title="bbox 176 1145 920 1221; baseline 0 -17"><span class='ocrx_word' id='word_1_52' title='bbox 176 1146 283 1204; x_wconf 91' lang='lat' dir='ltr'><strong>Omnia</strong></span> <span class='ocrx_word' id='word_1_53' title='bbox 296 1145 327 1202; x_wconf 90' lang='lat' dir='ltr'><strong>ni</strong></span> <span class='ocrx_word' id='word_1_54' title='bbox 340 1153 470 1220; x_wconf 85' lang='lat' dir='ltr'><strong>repetant</strong></span> <span class='ocrx_word' id='word_1_55' title='bbox 483 1145 578 1221; x_wconf 89' lang='lat' dir='ltr'><strong>Argis,</strong></span> <span class='ocrx_word' id='word_1_56' title='bbox 599 1163 763 1220; x_wconf 90' lang='lat' dir='ltr'><strong>numenque</strong></span> <span class='ocrx_word' id='word_1_57' title='bbox 775 1148 920 1215; x_wconf 81' lang='lat' dir='ltr'><strong>reducant,</strong></span> 
     </span>
    </p>
   </div>
   <div class='ocr_carea' id='block_1_3' title="bbox 168 1247 966 3176">
    <p class='ocr_par' dir='ltr' id='par_1_10' title="bbox 176 1247 888 1326">
     <span class='ocr_line' id='line_1_11' title="bbox 176 1247 888 1326; baseline -0.001 -19"><span class='ocrx_word' id='word_1_58' title='bbox 176 1251 265 1308; x_wconf 76' lang='lat' dir='ltr'><strong>Quod</strong></span> <span class='ocrx_word' id='word_1_59' title='bbox 276 1249 378 1326; x_wconf 82' lang='lat' dir='ltr'><strong>pelago</strong></span> <span class='ocrx_word' id='word_1_60' title='bbox 388 1258 417 1304; x_wconf 93' lang='lat' dir='ltr'><strong>et</strong></span> <span class='ocrx_word' id='word_1_61' title='bbox 430 1248 525 1306; x_wconf 88' lang='lat' dir='ltr'><strong>curvis</strong></span> <span class='ocrx_word' id='word_1_62' title='bbox 537 1247 633 1304; x_wconf 90' lang='lat' dir='ltr'><strong>secum</strong></span> <span class='ocrx_word' id='word_1_63' title='bbox 645 1267 763 1305; x_wconf 87' lang='lat' dir='ltr'><strong>avexere</strong></span> <span class='ocrx_word' id='word_1_64' title='bbox 777 1249 888 1308; x_wconf 86' lang='lat' dir='ltr'><strong>carinis.</strong></span> 
     </span>
    </p>

    <p class='ocr_par' dir='ltr' id='par_1_11' title="bbox 175 1351 900 1428">
     <span class='ocr_line' id='line_1_12' title="bbox 175 1351 900 1428; baseline 0.003 -20"><span class='ocrx_word' id='word_1_65' title='bbox 175 1353 211 1409; x_wconf 91' lang='lat' dir='ltr'><strong>Et</strong></span> <span class='ocrx_word' id='word_1_66' title='bbox 226 1371 311 1421; x_wconf 88' lang='lat' dir='ltr'><strong>nunc,</strong></span> <span class='ocrx_word' id='word_1_67' title='bbox 332 1351 408 1427; x_wconf 93' lang='lat' dir='ltr'><strong>quod</strong></span> <span class='ocrx_word' id='word_1_68' title='bbox 420 1351 524 1426; x_wconf 88' lang='lat' dir='ltr'><strong>patrias</strong></span> <span class='ocrx_word' id='word_1_69' title='bbox 537 1361 622 1408; x_wconf 84' lang='lat' dir='ltr'><strong>vento</strong></span> <span class='ocrx_word' id='word_1_70' title='bbox 634 1351 742 1427; x_wconf 89' lang='lat' dir='ltr'><strong>petiere</strong></span> <span class='ocrx_word' id='word_1_71' title='bbox 754 1352 900 1428; x_wconf 85' lang='lat' dir='ltr'><strong>Mycenas,</strong></span> 
     </span>
    </p>

    <p class='ocr_par' dir='ltr' id='par_1_12' title="bbox 174 1450 966 1531">
     <span class='ocr_line' id='line_1_13' title="bbox 174 1450 966 1531; baseline 0 -19"><span class='ocrx_word' id='word_1_72' title='bbox 174 1457 265 1514; x_wconf 87' lang='lat' dir='ltr'><strong>Arma</strong></span> <span class='ocrx_word' id='word_1_73' title='bbox 278 1457 401 1530; x_wconf 87' lang='lat' dir='ltr'><strong>deosque</strong></span> <span class='ocrx_word' id='word_1_74' title='bbox 413 1450 519 1530; x_wconf 80' lang='lat' dir='ltr'><strong>parant</strong></span> <span class='ocrx_word' id='word_1_75' title='bbox 527 1455 654 1524; x_wconf 88' lang='lat' dir='ltr'><strong>comites,</strong></span> <span class='ocrx_word' id='word_1_76' title='bbox 669 1455 827 1531; x_wconf 84' lang='lat' dir='ltr'><strong>pelagoque</strong></span> <span class='ocrx_word' id='word_1_77' title='bbox 838 1453 966 1512; x_wconf 86' lang='lat' dir='ltr'><strong>remenso</strong></span> 
     </span>
    </p>

    <p class='ocr_par' dir='ltr' id='par_1_13' title="bbox 173 1557 888 1634">
     <span class='ocr_line' id='line_1_14' title="bbox 173 1557 888 1634; baseline 0.001 -19"><span class='ocrx_word' id='word_1_78' title='bbox 173 1557 310 1634; x_wconf 87' lang='lat' dir='ltr'><strong>Inprovisr</strong></span> <span class='ocrx_word' id='word_1_79' title='bbox 323 1559 456 1615; x_wconf 89' lang='lat' dir='ltr'><strong>aderunt:</strong></span> <span class='ocrx_word' id='word_1_80' title='bbox 478 1557 518 1614; x_wconf 89' lang='lat' dir='ltr'><strong>ita</strong></span> <span class='ocrx_word' id='word_1_81' title='bbox 531 1557 637 1633; x_wconf 88' lang='lat' dir='ltr'><strong>digerit</strong></span> <span class='ocrx_word' id='word_1_82' title='bbox 649 1557 746 1614; x_wconf 90' lang='lat' dir='ltr'><strong>omina</strong></span> <span class='ocrx_word' id='word_1_83' title='bbox 760 1558 888 1617; x_wconf 88' lang='lat' dir='ltr'><strong>Calchas.</strong></span> 
     </span>
    </p>

    <p class='ocr_par' dir='ltr' id='par_1_14' title="bbox 173 1660 888 1737">
     <span class='ocr_line' id='line_1_15' title="bbox 173 1660 888 1737; baseline 0 -19"><span class='ocrx_word' id='word_1_84' title='bbox 173 1661 257 1718; x_wconf 90' lang='lat' dir='ltr'><strong>Hanc</strong></span> <span class='ocrx_word' id='word_1_85' title='bbox 270 1679 322 1737; x_wconf 91' lang='lat' dir='ltr'><strong>pro</strong></span> <span class='ocrx_word' id='word_1_86' title='bbox 332 1660 466 1730; x_wconf 88' lang='lat' dir='ltr'><strong>Palladio,</strong></span> <span class='ocrx_word' id='word_1_87' title='bbox 487 1660 600 1728; x_wconf 85' lang='lat' dir='ltr'><strong>moniti,</strong></span> <span class='ocrx_word' id='word_1_88' title='bbox 619 1679 670 1736; x_wconf 87' lang='lat' dir='ltr'><strong>pro</strong></span> <span class='ocrx_word' id='word_1_89' title='bbox 683 1660 802 1718; x_wconf 90' lang='lat' dir='ltr'><strong>numine</strong></span> <span class='ocrx_word' id='word_1_90' title='bbox 813 1661 888 1729; x_wconf 84' lang='lat' dir='ltr'><strong>laeso,</strong></span> 
     </span>
    </p>

    <p class='ocr_par' dir='ltr' id='par_1_15' title="bbox 172 1761 830 1840">
     <span class='ocr_line' id='line_1_16' title="bbox 172 1761 830 1840; baseline -0.002 -19"><span class='ocrx_word' id='word_1_91' title='bbox 172 1761 309 1840; x_wconf 86' lang='lat' dir='ltr'><strong>Effigiem</strong></span> <span class='ocrx_word' id='word_1_92' title='bbox 322 1763 439 1840; x_wconf 82' lang='lat' dir='ltr'><strong>statuere</strong></span> <span class='ocrx_word' id='word_1_93' title='bbox 444 1787 452 1833; x_wconf 78' lang='lat'>3</span> <span class='ocrx_word' id='word_1_94' title='bbox 475 1763 554 1822; x_wconf 87' lang='lat' dir='ltr'><strong>nefas</strong></span> <span class='ocrx_word' id='word_1_95' title='bbox 567 1783 630 1838; x_wconf 85' lang='lat' dir='ltr'><strong>quae</strong></span> <span class='ocrx_word' id='word_1_96' title='bbox 643 1763 719 1820; x_wconf 87' lang='lat' dir='ltr'><strong>triste</strong></span> <span class='ocrx_word' id='word_1_97' title='bbox 732 1763 830 1838; x_wconf 86' lang='lat' dir='ltr'><strong>piaret.</strong></span> 
     </span>
    </p>

    <p class='ocr_par' dir='ltr' id='par_1_16' title="bbox 172 1865 936 1926">
     <span class='ocr_line' id='line_1_17' title="bbox 172 1865 936 1926; baseline 0.001 -1"><span class='ocrx_word' id='word_1_98' title='bbox 172 1867 257 1925; x_wconf 91' lang='lat' dir='ltr'><strong>Hanc</strong></span> <span class='ocrx_word' id='word_1_99' title='bbox 271 1875 364 1924; x_wconf 88' lang='lat' dir='ltr'><strong>tamen</strong></span> <span class='ocrx_word' id='word_1_100' title='bbox 379 1865 536 1923; x_wconf 85' lang='lat' dir='ltr'><strong>inmensam</strong></span> <span class='ocrx_word' id='word_1_101' title='bbox 550 1866 670 1924; x_wconf 87' lang='lat' dir='ltr'><strong>Calchas</strong></span> <span class='ocrx_word' id='word_1_102' title='bbox 683 1867 818 1924; x_wconf 89' lang='lat' dir='ltr'><strong>adtollere</strong></span> <span class='ocrx_word' id='word_1_103' title='bbox 831 1867 936 1926; x_wconf 89' lang='lat' dir='ltr'><strong>molem</strong></span> 
     </span>
    </p>

    <p class='ocr_par' dir='ltr' id='par_1_17' title="bbox 172 1968 820 2046">
     <span class='ocr_line' id='line_1_18' title="bbox 172 1968 820 2046; baseline -0.006 -18"><span class='ocrx_word' id='word_1_104' title='bbox 172 1969 331 2028; x_wconf 87' lang='lat' dir='ltr'><strong>Roboribus</strong></span> <span class='ocrx_word' id='word_1_105' title='bbox 345 1969 438 2036; x_wconf 85' lang='lat' dir='ltr'><strong>textis,</strong></span> <span class='ocrx_word' id='word_1_106' title='bbox 459 1969 587 2044; x_wconf 87' lang='lat' dir='ltr'><strong>coeloque</strong></span> <span class='ocrx_word' id='word_1_107' title='bbox 599 1970 719 2027; x_wconf 89' lang='lat' dir='ltr'><strong>educere</strong></span> <span class='ocrx_word' id='word_1_108' title='bbox 728 1968 820 2046; x_wconf 84' lang='lat' dir='ltr'><strong>julsrt:</strong></span> 
     </span>
    </p>

    <p class='ocr_par' dir='ltr' id='par_1_18' title="bbox 170 2072 846 2176">
     <span class='ocr_line' id='line_1_19' title="bbox 170 2072 846 2176; baseline 0 -46"><span class='ocrx_word' id='word_1_109' title='bbox 170 2073 219 2130; x_wconf 89' lang='lat' dir='ltr'><strong>Ne</strong></span> <span class='ocrx_word' id='word_1_110' title='bbox 231 2073 320 2149; x_wconf 85' lang='lat' dir='ltr'><strong>recipi</strong></span> <span class='ocrx_word' id='word_1_111' title='bbox 333 2072 429 2148; x_wconf 88' lang='lat' dir='ltr'><strong>portis,</strong></span> <span class='ocrx_word' id='word_1_112' title='bbox 450 2081 500 2130; x_wconf 88' lang='lat' dir='ltr'><strong>aut</strong></span> <span class='ocrx_word' id='word_1_113' title='bbox 512 2072 578 2128; x_wconf 89' lang='lat' dir='ltr'><strong>duci</strong></span> <span class='ocrx_word' id='word_1_114' title='bbox 590 2073 622 2128; x_wconf 93' lang='lat' dir='ltr'><strong>in</strong></span> <span class='ocrx_word' id='word_1_115' title='bbox 635 2072 739 2130; x_wconf 85' lang='lat' dir='ltr'><strong>moenia</strong></span> <span class='ocrx_word' id='word_1_116' title='bbox 753 2073 846 2176; x_wconf 84' lang='lat' dir='ltr'><strong>pqffit‚</strong></span> 
     </span>
    </p>

    <p class='ocr_par' dir='ltr' id='par_1_19' title="bbox 171 2174 827 2252">
     <span class='ocr_line' id='line_1_20' title="bbox 171 2174 827 2252; baseline -0.002 -18"><span class='ocrx_word' id='word_1_117' title='bbox 171 2176 239 2234; x_wconf 91' lang='lat' dir='ltr'><strong>Neu</strong></span> <span class='ocrx_word' id='word_1_118' title='bbox 251 2176 388 2252; x_wconf 90' lang='lat' dir='ltr'><strong>populum</strong></span> <span class='ocrx_word' id='word_1_119' title='bbox 401 2174 518 2250; x_wconf 75' lang='lat' dir='ltr'><strong>antiqui</strong></span> <span class='ocrx_word' id='word_1_120' title='bbox 529 2174 581 2232; x_wconf 89' lang='lat' dir='ltr'><strong>sub</strong></span> <span class='ocrx_word' id='word_1_121' title='bbox 594 2175 731 2250; x_wconf 83' lang='lat' dir='ltr'><strong>religione</strong></span> <span class='ocrx_word' id='word_1_122' title='bbox 745 2174 827 2233; x_wconf 87' lang='lat' dir='ltr'><strong>tueri.</strong></span> 
     </span>
    </p>

    <p class='ocr_par' dir='ltr' id='par_1_20' title="bbox 171 2277 900 2348">
     <span class='ocr_line' id='line_1_21' title="bbox 171 2277 900 2348; baseline 0.001 -12"><span class='ocrx_word' id='word_1_123' title='bbox 171 2279 258 2348; x_wconf 89' lang='lat' dir='ltr'><strong>Nam,</strong></span> <span class='ocrx_word' id='word_1_124' title='bbox 280 2279 300 2335; x_wconf 85' lang='lat' dir='ltr'>fi</span> <span class='ocrx_word' id='word_1_125' title='bbox 313 2277 401 2336; x_wconf 84' lang='lat' dir='ltr'><strong>vestra</strong></span> <span class='ocrx_word' id='word_1_126' title='bbox 413 2297 515 2334; x_wconf 83' lang='lat' dir='ltr'><strong>manus</strong></span> <span class='ocrx_word' id='word_1_127' title='bbox 526 2277 653 2334; x_wconf 85' lang='lat' dir='ltr'><strong>violasset</strong></span> <span class='ocrx_word' id='word_1_128' title='bbox 666 2279 740 2335; x_wconf 92' lang='lat' dir='ltr'><strong>dona</strong></span> <span class='ocrx_word' id='word_1_129' title='bbox 752 2279 900 2347; x_wconf 84' lang='lat' dir='ltr'><strong>Minervae,</strong></span> 
     </span>
    </p>

    <p class='ocr_par' dir='ltr' id='par_1_21' title="bbox 170 2379 964 2562">
     <span class='ocr_line' id='line_1_22' title="bbox 170 2379 964 2460; baseline 0.001 -21"><span class='ocrx_word' id='word_1_130' title='bbox 170 2382 247 2440; x_wconf 88' lang='lat' dir='ltr'><strong>Tum</strong></span> <span class='ocrx_word' id='word_1_131' title='bbox 267 2399 406 2457; x_wconf 80' lang='lat' dir='ltr'><strong>magnum</strong></span> <span class='ocrx_word' id='word_1_132' title='bbox 426 2379 556 2451; x_wconf 82' lang='lat' dir='ltr'><strong>exitium,</strong></span> <span class='ocrx_word' id='word_1_133' title='bbox 582 2381 659 2455; x_wconf 94' lang='lat' dir='ltr'><strong>quod</strong></span> <span class='ocrx_word' id='word_1_134' title='bbox 679 2381 708 2438; x_wconf 83' lang='lat' dir='ltr'><strong>dl</strong></span> <span class='ocrx_word' id='word_1_135' title='bbox 728 2381 806 2457; x_wconf 85' lang='lat' dir='ltr'><strong>prius</strong></span> <span class='ocrx_word' id='word_1_136' title='bbox 826 2400 910 2438; x_wconf 85' lang='lat' dir='ltr'><strong>omen</strong></span> <span class='ocrx_word' id='word_1_137' title='bbox 930 2382 964 2460; x_wconf 68' lang='lat'><strong>³¹¹,</strong></span> 
     </span>
     <span class='ocr_line' id='line_1_23' title="bbox 246 2468 964 2562; baseline 0.001 -22"><span class='ocrx_word' id='word_1_138' title='bbox 246 2483 339 2558; x_wconf 89' lang='lat' dir='ltr'><strong>ipsum</strong></span> <span class='ocrx_word' id='word_1_139' title='bbox 935 2557 937 2562; x_wconf 23' lang='grc' dir='ltr'>Ι</span> <span class='ocrx_word' id='word_1_140' title='bbox 961 2468 964 2477; x_wconf 56' lang='grc'><strong><em>’</em></strong></span> 
     </span>
    </p>

    <p class='ocr_par' dir='ltr' id='par_1_22' title="bbox 170 2584 960 2762">
     <span class='ocr_line' id='line_1_24' title="bbox 170 2584 960 2664; baseline 0.001 -20"><span class='ocrx_word' id='word_1_141' title='bbox 170 2585 359 2644; x_wconf 81' lang='lat' dir='ltr'><strong>convertantl</strong></span> <span class='ocrx_word' id='word_1_142' title='bbox 384 2584 487 2644; x_wconf 89' lang='lat' dir='ltr'><strong>Pn&#39;ami</strong></span> <span class='ocrx_word' id='word_1_143' title='bbox 507 2585 628 2662; x_wconf 89' lang='lat' dir='ltr'><strong>imperio</strong></span> <span class='ocrx_word' id='word_1_144' title='bbox 646 2587 861 2664; x_wconf 88' lang='lat' dir='ltr'><strong>Phrygibusque</strong></span> <span class='ocrx_word' id='word_1_145' title='bbox 880 2588 960 2646; x_wconf 87' lang='lat' dir='ltr'><strong>futu·</strong></span> 
     </span>
     <span class='ocr_line' id='line_1_25' title="bbox 245 2707 328 2762; baseline -0.024 -16"><span class='ocrx_word' id='word_1_146' title='bbox 245 2707 309 2746; x_wconf 84' lang='lat' dir='ltr'><strong>rum</strong></span> <span class='ocrx_word' id='word_1_147' title='bbox 320 2710 328 2762; x_wconf 67' lang='lat'><strong>²,</strong></span> 
     </span>
    </p>

    <p class='ocr_par' dir='ltr' id='par_1_23' title="bbox 169 2791 966 2866">
     <span class='ocr_line' id='line_1_26' title="bbox 169 2791 966 2866; baseline 0.004 -17"><span class='ocrx_word' id='word_1_148' title='bbox 169 2791 218 2866; x_wconf 83' lang='lat' dir='ltr'><strong>Sin</strong></span> <span class='ocrx_word' id='word_1_149' title='bbox 230 2791 362 2849; x_wconf 87' lang='lat' dir='ltr'><strong>manibus</strong></span> <span class='ocrx_word' id='word_1_150' title='bbox 372 2791 469 2850; x_wconf 86' lang='lat' dir='ltr'><strong>vestris</strong></span> <span class='ocrx_word' id='word_1_151' title='bbox 479 2792 596 2850; x_wconf 82' lang='lat' dir='ltr'><strong>vestram</strong></span> <span class='ocrx_word' id='word_1_152' title='bbox 610 2793 792 2850; x_wconf 71' lang='lat' dir='ltr'><strong>adscendisset</strong></span> <span class='ocrx_word' id='word_1_153' title='bbox 803 2793 835 2850; x_wconf 91' lang='lat' dir='ltr'><strong>in</strong></span> <span class='ocrx_word' id='word_1_154' title='bbox 848 2795 966 2866; x_wconf 67' lang='lat' dir='ltr'><strong>urbem„</strong></span> 
     </span>
    </p>

    <p class='ocr_par' dir='ltr' id='par_1_24' title="bbox 168 2893 869 2971">
     <span class='ocr_line' id='line_1_27' title="bbox 168 2893 869 2971; baseline 0.006 -21"><span class='ocrx_word' id='word_1_155' title='bbox 168 2893 254 2951; x_wconf 91' lang='lat' dir='ltr'><strong>Ultro</strong></span> <span class='ocrx_word' id='word_1_156' title='bbox 266 2895 364 2951; x_wconf 88' lang='lat' dir='ltr'><strong>Afiam</strong></span> <span class='ocrx_word' id='word_1_157' title='bbox 377 2913 482 2970; x_wconf 86' lang='lat' dir='ltr'><strong>magno</strong></span> <span class='ocrx_word' id='word_1_158' title='bbox 494 2896 613 2971; x_wconf 90' lang='lat' dir='ltr'><strong>Pelopea</strong></span> <span class='ocrx_word' id='word_1_159' title='bbox 626 2897 662 2952; x_wconf 87' lang='lat' dir='ltr'><strong>ad</strong></span> <span class='ocrx_word' id='word_1_160' title='bbox 674 2896 780 2954; x_wconf 86' lang='lat' dir='ltr'><strong>moenia</strong></span> <span class='ocrx_word' id='word_1_161' title='bbox 793 2897 869 2954; x_wconf 89' lang='lat' dir='ltr'><strong>bello</strong></span> 
     </span>
    </p>

    <p class='ocr_par' dir='ltr' id='par_1_25' title="bbox 168 2997 886 3076">
     <span class='ocr_line' id='line_1_28' title="bbox 168 2997 886 3076; baseline 0.007 -24"><span class='ocrx_word' id='word_1_162' title='bbox 168 2997 335 3066; x_wconf 88' lang='lat' dir='ltr'><strong>Venturam,</strong></span> <span class='ocrx_word' id='word_1_163' title='bbox 356 3006 386 3054; x_wconf 92' lang='lat' dir='ltr'><strong>et</strong></span> <span class='ocrx_word' id='word_1_164' title='bbox 399 2997 503 3054; x_wconf 84' lang='lat' dir='ltr'><strong>nostros</strong></span> <span class='ocrx_word' id='word_1_165' title='bbox 515 3015 549 3054; x_wconf 89' lang='lat' dir='ltr'><strong>ea</strong></span> <span class='ocrx_word' id='word_1_166' title='bbox 561 2999 620 3076; x_wconf 80' lang='lat' dir='ltr'><strong>fata</strong></span> <span class='ocrx_word' id='word_1_167' title='bbox 633 3016 748 3056; x_wconf 88' lang='lat' dir='ltr'><strong>manere</strong></span> <span class='ocrx_word' id='word_1_168' title='bbox 761 3009 886 3076; x_wconf 89' lang='lat' dir='ltr'><strong>nepotes.</strong></span> 
     </span>
    </p>

    <p class='ocr_par' dir='ltr' id='par_1_26' title="bbox 203 3099 836 3176">
     <span class='ocr_line' id='line_1_29' title="bbox 203 3099 836 3176; baseline 0.006 -22"><span class='ocrx_word' id='word_1_169' title='bbox 203 3099 322 3158; x_wconf 83' lang='lat' dir='ltr'><strong>Talibus</strong></span> <span class='ocrx_word' id='word_1_170' title='bbox 334 3099 449 3169; x_wconf 77' lang='lat' dir='ltr'><strong>insidiis,</strong></span> <span class='ocrx_word' id='word_1_171' title='bbox 467 3099 629 3176; x_wconf 67' lang='lat' dir='ltr'><strong>perjurique</strong></span> <span class='ocrx_word' id='word_1_172' title='bbox 642 3109 702 3160; x_wconf 88' lang='lat' dir='ltr'><strong>arte</strong></span> <span class='ocrx_word' id='word_1_173' title='bbox 716 3100 836 3170; x_wconf 89' lang='lat' dir='ltr'><strong>Sinonis,</strong></span> 
     </span>
    </p>
   </div>
   <div class='ocr_carea' id='block_1_4' title="bbox 0 0 1108 3574">
    <p class='ocr_par' dir='ltr' id='par_1_27' title="bbox 0 0 1108 3574">
     <span class='ocr_line' id='line_1_30' title="bbox 0 0 1108 3574; baseline 0 3"><span class='ocrx_word' id='word_1_174' title='bbox 0 0 1108 3574; x_wconf 95' lang='lat' dir='ltr'><strong> </strong></span> 
     </span>
    </p>
   </div>
  </div>
 </body>
</html>
