2236 3584
135 241 241 294 mss.
458 233 556 290 ess.
596 233 621 292 1.
869 247 927 320 ‘¹9⁵

175 389 246 460 Olli,
259 387 416 458 subridens,
429 388 580 446 hominum
592 389 666 447 sator
679 397 765 466 atque
778 393 908 462 deorum,
919 409 921 414 ·

135 493 236 564 Voltu,
257 509 314 568 quo
326 493 432 549 coelum
444 491 679 568 tempestatesque
692 492 812 563 serenat,
827 523 830 529 ·

137 595 241 654 Oscula
254 594 355 652 libavit
367 604 454 666 natae3
475 595 580 652 dehinc
593 595 660 654 talia
673 595 765 654 fatur:

137 699 222 766 Parce
235 709 324 769 metu,
346 698 488 775 Cytherea
492 723 501 768 5
522 708 640 756 manent
651 699 761 758 inmota
774 710 894 762 tuorum

137 801 206 860 Fata
220 802 274 860 tibi
279 827 288 872 i
310 821 406 859 cernes
418 804 519 858 urbem
532 811 561 860 et
572 802 703 878 promiffa
717 803 820 862 Lavini
880 843 882 846 -

137 905 259 974 Moenia,
279 903 487 980 sublimemque
500 905 572 964 feres
584 907 620 963 ad
634 906 721 964 fidera
734 907 798 964 coeli
909 915 911 920 ’

137 1007 361 1085 Magnanimum
370 1009 500 1066 AEnean:
523 1028 616 1084 neque
626 1027 673 1066 me
684 1009 822 1068 sententia
832 1009 930 1068 vertit.

138 1112 198 1170 Hic
217 1111 271 1169 tibi
291 1113 385 1189 (fabor
396 1112 483 1181 enim,
502 1114 616 1189 quando
629 1113 690 1171 haec
705 1122 733 1171 te
746 1133 812 1172 cura
824 1131 931 1172 remor-

154 1241 157 1246 ·
216 1215 274 1283 det,
362 1247 364 1254 =
766 1195 773 1206 ’

138 1317 267 1394 Longius
279 1327 308 1376 et
321 1319 435 1378 volvens
448 1321 572 1378 fatorum
585 1339 684 1379 arcana
699 1320 833 1394 movebo)

138 1421 252 1480 Bellum
263 1422 365 1498 ingens
378 1433 457 1500 geret
469 1423 562 1493 Italia,
581 1425 757 1501 populosque
770 1423 873 1481 ferocis

140 1526 320 1598 Contundet3
342 1545 491 1602 moresque
504 1527 571 1586 viris
583 1537 613 1584 et
625 1527 730 1585 muenia
743 1536 844 1603 ponet:

139 1623 237 1687 Tertia
250 1630 321 1687 dum
334 1629 417 1688 Latio
430 1639 597 1707 regnantem
610 1630 714 1688 viderit
727 1630 812 1699 aestas,

139 1733 292 1809 Ternaque
304 1734 465 1792 transierint
478 1733 592 1792 Rutulis
605 1733 724 1790 hiberna
738 1731 869 1791 subactis.

139 1835 183 1892 At
195 1855 266 1912 puer
278 1834 429 1905 Ascanius,
447 1837 495 1894 cui
509 1855 585 1894 nunc
599 1855 757 1914 cognomen
773 1837 836 1893 Iulo

140 1933 276 2007 Additur,
298 1937 371 2014 (Ilus
384 1949 453 2008 erat,
473 1941 544 1996 dum
556 1959 600 1998 res
612 1941 689 1998 stetit
702 1939 754 1997 llia
768 1937 869 2014 regno)

140 2040 275 2116 Triginta
288 2061 406 2118 magnos
418 2043 564 2101 volvendis
577 2043 719 2101 mensibus
732 2043 807 2100 orbis

139 2143 266 2220 imperio
279 2145 415 2222 explebit,
435 2163 614 2222 regnumque
627 2148 670 2204 ab
680 2146 745 2203 sede
758 2145 860 2204 Lavini

140 2246 315 2315 Transferet,
335 2255 364 2304 et
382 2247 499 2324 longam
511 2245 603 2308 multa
615 2250 643 2305 vi
657 2237 767 2304 muniet
780 2247 897 2306 Albam.
913 2287 916 2292 ·
1011 2303 1014 2312 Δ

140 2348 200 2406 Hic
209 2347 270 2425 jam
284 2359 456 2408 tercentum
470 2359 543 2408 totos
555 2351 722 2428 regnabitur
735 2369 824 2410 annos

141 2451 236 2510 Gente
250 2452 302 2510 sub
315 2453 473 2526 HedoreQ
495 2455 585 2512 donec
600 2454 697 2531 regina
711 2455 846 2523 sacerdos,

68 2549 70 2554 ’
140 2553 238 2612 Marte
251 2555 353 2631 gravis,
374 2558 519 2634 geminam
531 2567 615 2634 partu
628 2557 708 2616 dabit
722 2558 775 2616 Ilia
787 2557 906 2635 prolem.

141 2659 222 2727 Inde,
243 2659 319 2735 lupae
331 2660 412 2718 fulvo
426 2661 546 2720 nutricis
559 2659 686 2738 tegmine
699 2662 792 2731 laerus,

141 2741 281 2818 Romulus
294 2762 417 2838 excipiet
430 2773 555 2840 gentem,
575 2773 605 2820 et
619 2763 763 2820 Mavortia
776 2763 880 2820 condet

141 2861 263 2932 Moenia,
288 2863 485 2941 Romanosque
497 2865 548 2922 suo
561 2867 596 2922 de
610 2865 726 2922 nomine
740 2865 827 2922 dicet.

140 2963 198 3022 His
211 2983 265 3040 ego
278 2985 331 3022 nec
344 2975 433 3025 metas
448 2986 554 3042 rerum,
574 2986 627 3024 nec
640 2976 777 3043 tempora,
797 2979 885 3043 pono:

143 3067 301 3143 Imperium
313 3068 371 3126 fine
383 3069 442 3127 fine
455 3069 530 3127 dedi.
571 3069 653 3127 Quin
667 3069 762 3146 aspera
775 3071 862 3148 Juno,

144 3167 221 3248 Quae
229 3187 306 3232 mare
314 3189 400 3241 nunc,
411 3171 941 3253 terrasquemetu,coelumquofatiga't,
