2208 3574
192 181 250 232 224
451 172 726 249 AENEIDOS,
877 183 987 238 um.
1097 123 1098 166 t

187 329 308 398 Taurus,
327 337 357 388 et
368 329 507 390 incertam
519 333 637 390 excussit
648 332 759 391 cervice
771 330 903 392 securim.

189 435 231 490 At
243 431 352 509 gemini
364 434 444 510 lapsu
457 435 573 493 delubra
586 437 622 494 ad
633 435 742 494 summa
755 436 893 494 dracones

189 535 351 611 Effugiunt,
371 534 507 612 saevaeque
518 548 621 612 petunt
632 538 789 596 Tritonidis
801 557 911 610 arcem

190 639 248 696 Sub
260 637 434 714 pedibusque
447 641 515 710 deae,
529 641 671 718 clipeique
680 640 733 698 sub
741 643 819 713 orbe,
835 649 980 718 teguntur.
1062 659 1066 666 ’

189 743 267 798 Tum
280 759 347 799 vero
360 743 521 800 tremefacta
534 762 624 801 novus
635 762 686 820 per
698 743 810 819 pectora
824 744 936 802 cunctis

190 843 318 902 Infinuat
329 863 430 922 pavor3
451 855 481 902 et
493 845 583 902 scelus
595 846 755 922 expendisse
766 856 925 908 merentem

191 947 352 1004 Laocoonta
365 948 471 1018 serunt,
491 949 601 1006 sacrum
613 948 664 1024 qui
676 948 791 1024 cuspide
803 951 889 1007 robur

191 1050 316 1119 Laeserit‚
335 1061 365 1107 et
378 1061 459 1128 tergo
471 1051 633 1109 sceleratam
646 1051 786 1108 intorserit
797 1051 914 1110 hastam.

191 1153 364 1211 Ducendum
377 1155 412 1212 ad
429 1153 507 1211 sedes
521 1155 709 1223 simulacrum,
729 1154 891 1230 orandaque
907 1153 980 1214 divae
1012 1223 1014 1226 .

191 1255 321 1314 Numina
333 1247 520 1314 conclamant.
686 1317 688 1320 ,

228 1357 392 1416 Dividimus
404 1377 508 1427 muros,
527 1369 557 1416 et
570 1359 675 1418 moenia
689 1359 840 1435 pandimus
854 1360 948 1419 urbis(

190 1461 359 1538 Adcingunt
371 1481 469 1520 omncs
484 1462 572 1538 operi,
591 1462 765 1538 pedibusque
777 1471 904 1520 rotarum

190 1563 351 1642 Subjiciunt
363 1565 464 1642 lapsus,
484 1574 513 1622 et
525 1565 640 1642 stuppea
652 1564 765 1622 vincula
778 1564 852 1622 collo

191 1664 363 1728 Intendunt.⁴
398 1667 514 1726 Scandit
526 1668 620 1726 fatalis
632 1667 764 1726 machina
777 1685 881 1735 muros,

189 1769 257 1828 Feta
270 1771 363 1828 armis.
403 1771 485 1830 Pueri
498 1769 616 1841 circum,
634 1769 822 1847 innuptaque
833 1769 948 1846 puelle,

188 1873 269 1930 Sacra
277 1883 393 1945 canunt,
401 1875 559 1949 funemque
568 1890 656 1930 manu
666 1872 832 1949 contingere
842 1874 981 1948 gaudent

186 1975 238 2033 Illa
251 1974 335 2044 subit,
355 1977 512 2052 mediaeque
525 1955 785 2036 mnam'intabitur
797 1974 873 2032 urbi.

226 2079 367 2156 Opatria!
382 2099 400 2136 o
410 2079 512 2137 divum
522 2077 730 2138 domuslliuml
746 2087 775 2134 et
784 2077 891 2135 incluta
902 2077 978 2138 bello

186 2181 298 2240 Moenia
310 2182 522 2240 Dardanidum!
543 2191 643 2256 quater
659 2180 720 2256 ipso
733 2181 763 2236 in
777 2179 877 2238 limine
889 2191 978 2257 portae

185 2285 323 2355 Substitit,
337 2295 422 2361 atque
435 2295 516 2342 utero
529 2284 653 2342 sonitum
663 2293 763 2359 quater
772 2302 849 2340 arma
862 2285 974 2342 dedero.

185 2387 323 2444 Instemus
336 2398 431 2445 tamen
444 2387 622 2457 inmemores,
642 2386 766 2461 caecique
779 2386 883 2458 surore,

185 2489 224 2550 Et
235 2490 390 2548 monstrum
402 2489 504 2549 infelix
516 2489 622 2547 sacrati
635 2490 754 2546 fistimus
766 2508 838 2550 arce.
948 2489 951 2494 '

222 2595 308 2651 'ttmc
321 2592 408 2650 etiam
420 2593 486 2650 satis
498 2591 588 2668 aperit
601 2593 752 2652 Callandra
766 2591 872 2650 futuris

185 2695 254 2766 Ora,
274 2696 321 2754 dei
329 2694 405 2772 jussu
418 2715 475 2754 non
489 2715 627 2771 umquam
639 2695 746 2752 credita
759 2695 886 2756 Teucris.

152 2867 155 2874 1
183 2798 247 2856 Nos
259 2797 375 2858 delubra
387 2799 473 2856 deum
485 2797 587 2867 miseri,
608 2797 711 2872 quibus
723 2797 843 2854 ultimus
855 2795 923 2856 effer

182 2899 236 2956 llle
248 2899 317 2968 dies,
337 2899 406 2960 sesti
419 2899 545 2957 velamus
558 2899 657 2958 fronde
670 2917 720 2974 per
732 2900 841 2958 urbem.

105 3015 109 3022 ·
183 3001 312 3060 Vertitur
325 3002 433 3060 interea
446 3002 561 3071 coelum,
581 3001 680 3060 etrnit
697 3019 804 3062 oceano
817 3001 895 3071 Nox,
938 3047 941 3056 .
975 3046 977 3052 r

183 3101 332 3164 Involvens
345 3105 445 3164 umbri
457 3104 562 3182 magns
575 3112 743 3181 unamque,
761 3103 920 3180 9011]quss
