2194 3584
149 201 189 260 56
382 201 716 274 GEORGICON,
840 211 948 275 v.398.

148 358 219 416 Nou
232 358 361 436 tepidum
374 361 411 418 ad
424 341 511 419 solem
526 380 634 438 pennas
647 361 679 420 iu
691 360 777 420 litore
788 360 928 436 pandunt,

147 460 269 520 Dilesioe
282 461 411 531 Thetidi,
431 463 577 540 alcyones,
599 481 658 522 non
671 481 720 520 ore
733 462 836 520 solutos
986 464 988 469 ’

147 563 285 622 sumundi
298 565 455 626 meminere
467 566 530 624 sues
539 565 644 643 justare
656 564 807 642 maniplos.

125 712 126 716 ,
145 668 190 726 At
207 667 319 724 nebulae
339 667 431 744 magis
448 667 507 726 ima
526 677 637 746 petunt,
658 687 815 745 campoque
834 685 946 726 recum-

225 773 312 843 buut5

148 873 219 932 Solis
229 883 259 932 et
271 873 402 934 occasmn
414 874 527 934 servans
540 878 576 935 de
589 875 716 937 culmine
729 870 841 934 summo

147 977 354 1054 Nequidquam
367 977 442 1036 seros
454 989 568 1037 exercet
580 979 684 1038 nostua
697 988 806 1036 cantus.

146 1080 276 1156 Adparet
288 1079 399 1156 liquido
412 1080 541 1139 sublimis
554 1081 586 1140 in
598 1083 663 1140 aere
676 1080 773 1150 Nisus,

145 1183 183 1240 Et
196 1201 248 1260 pro
260 1201 403 1260 purpureo
415 1203 512 1260 poenas
526 1185 582 1248 dat]
589 1184 681 1260 Scylla
695 1181 813 1267 capilio:

147 1283 340 1362 Quicumque
350 1286 400 1344 illa
409 1287 501 1348 levem
511 1287 625 1364 fugiens
639 1287 714 1344 secat
721 1285 827 1344 aethera
835 1284 944 1362 pennis,

145 1387 232 1446 Ecce!
257 1387 401 1457 inimicus,
421 1399 512 1460 atrox,
532 1408 638 1465 magno
651 1388 767 1446 stridore
782 1407 834 1464 per
846 1405 926 1445 auras
945 1441 951 1448 .

72 1550 74 1554 ,
144 1489 310 1566 Insequitur
320 1491 425 1550 Nisus:
448 1492 504 1568 qud
518 1491 546 1548 se
559 1491 615 1550 sert
628 1491 715 1549 Nisus
729 1491 765 1548 ad
776 1508 866 1562 auras,

144 1591 199 1650 Illa
212 1593 305 1650 levem
318 1593 434 1669 fugiens
446 1594 551 1670 raptim
563 1593 637 1652 secat
650 1593 756 1652 aethera
769 1591 882 1670 pennis.

144 1696 223 1753 Tum
233 1695 358 1771 liquidas
370 1696 447 1755 corvi
460 1696 549 1772 preffo
563 1705 607 1753 ter
619 1705 737 1772 gutture
748 1714 832 1754 voces

143 1800 208 1855 Aut
221 1807 322 1873 quater
334 1798 515 1880 ingeminant
522 1823 530 1869 ;
552 1808 583 1856 et
595 1798 668 1874 saepe
681 1798 822 1856 cubilibus
835 1797 908 1866 altis,
945 1853 947 1858 .

142 1899 251 1958 Nescio
263 1901 321 1976 qud
333 1910 436 1977 praeter
449 1900 566 1958 solitum
579 1898 732 1958 dulcedine
744 1900 814 1969 laeti,

144 2003 225 2060 lnt'er
236 2002 266 2060 se
278 2002 310 2060 iu
323 2001 400 2060 foliis
412 2002 577 2078 strepitant,
594 2001 677 2079 juvat
689 2001 829 2060 imbribus
841 2001 911 2060 attis

142 2105 314 2182 Progeniem
326 2125 446 2182 parvam
458 2105 605 2180 dulcisque
618 2104 738 2164 revisere
751 2105 843 2164 nidos.

142 2207 241 2276 Haud,
261 2207 392 2284 equidem
406 2209 500 2276 credo,
521 2208 588 2284 quia
603 2207 637 2265 s1t
650 2207 789 2268 divinitus
802 2208 860 2267 illis

142 2310 308 2386 Ingenium,
328 2320 378 2368 aut
390 2329 486 2368 rerum
497 2310 557 2368 fato
570 2311 722 2386 prudentia
735 2309 840 2388 major:

142 2413 262 2480 Verum,
281 2413 333 2470 ubi
346 2411 493 2488 tempestas
504 2422 534 2470 et
547 2411 612 2470 coeli
625 2413 742 2470 mobilis
755 2413 860 2472 humor

141 2515 295 2574 Mutavere
306 2515 374 2584 vias,
393 2513 573 2591 etJuppiter,
593 2515 696 2574 uvidus
709 2515 818 2584 austris,

141 2617 259 2686 Denset,
279 2627 360 2676 erant
373 2635 438 2692 quae
450 2635 512 2675 rara
527 2617 622 2686 modo,
641 2627 682 2690 et,
701 2637 767 2694 quoe
780 2619 875 2688 densa,
895 2639 940 2679 re-

219 2721 311 2791 laxat5
598 2776 606 2790 ,

140 2825 302 2882 Vertuntur
313 2821 421 2898 species
433 2822 605 2890 animorum,
625 2832 655 2881 et
667 2823 780 2900 pestora
795 2833 891 2882 motus
938 2875 942 2888 ,

139 2927 230 2984 Nunc
243 2913 322 2992 alios,
342 2923 421 2994 alios,
441 2925 513 2982 dum
526 2924 626 2984 nubila
637 2936 741 2984 ventus
754 2928 867 3002 agebat,

140 3025 334 3104 Concipiunt:
356 3025 426 3084 hinc
437 3026 487 3084 ille
501 3026 600 3086 avium
612 3038 767 3086 concentus
779 3030 811 3108 in
822 3030 908 3108 agris,

140 3129 179 3188 Et
191 3129 264 3188 laetae
277 3129 410 3207 pecudes,
430 3137 461 3188 et
473 3137 590 3192 orantes
603 3138 721 3208 gutture
734 3131 821 3193 corvi.
