2236 3584
132 209 240 266 mor.
433 159 651 274 ,rrurvj
876 215 930 276 ,ur

133 359 297 428 Adtrivere,
316 360 449 436 ultruque
461 360 588 418 animam
601 361 653 418 sub
666 361 740 420 fasce
754 362 870 435 dedere3
883 415 887 424 .
900 381 903 386 ·

132 463 246 520 Tantus
259 482 339 520 amor
351 463 466 531 florum,
487 473 516 521 et
529 466 684 540 generandi
698 466 788 542 gloria
802 466 910 525 mellis!

132 565 220 642 Ergo,
240 565 313 644 ipsas
325 566 455 642 quamvis
467 568 578 643 augusti
592 556 729 628 terminus
742 570 796 628 aevi

132 669 275 745 Excipiet,
296 689 391 746 neque
404 670 483 727 enim
496 671 559 747 plus
572 671 701 748 septuma
714 673 828 731 ducitur
840 673 931 743 ustas,

132 773 176 828 At
189 791 279 848 genus
292 773 443 832 inmortale
456 783 563 842 tamen,
584 776 747 852 multusque
759 793 810 852 per
823 791 912 834 annos

134 875 195 932 Stat
209 877 333 934 Fortuna
346 877 456 944 dormis,
476 887 506 934 et
519 878 565 934 avi
577 889 763 938 numerantur
775 899 905 938 avorum.
987 947 989 952 ,

173 981 319 1048 Praeterca‚
332 998 430 1056 regem
442 999 500 1037 non
514 981 551 1037 iic
564 982 720 1058 AEgyptos,
738 992 767 1039 et
780 981 883 1060 ingens

133 1083 236 1158 Lydia„
247 1102 300 1142 uec
308 1085 407 1160 popuii
415 1083 594 1152 Parthorum,
601 1093 651 1141 aut
659 1086 765 1142 Medus
772 1083 931 1164 Hydaspes,

132 1185 301 1262 observant.
323 1188 402 1262 Rege
413 1186 562 1254 incolumi,
572 1205 653 1244 mens
663 1188 797 1246 omnibus
806 1203 864 1247 una
874 1189 928 1260 est3

132 1288 254 1357 Auidio,
273 1309 374 1366 rupere
387 1291 484 1358 fidem,
504 1290 717 1366 coustrudiaque
730 1291 817 1348 mella

131 1391 286 1468 Diripuere
298 1393 376 1469 ipsae,
396 1402 426 1450 et
438 1402 527 1450 crates
541 1392 648 1451 solvere
661 1393 801 1452 favorum.

131 1494 188 1552 Ille
201 1513 320 1570 operum
333 1496 438 1566 custos3
460 1495 545 1553 illum
558 1496 744 1566 admirantur,
759 1508 788 1556 et
800 1517 900 1556 omnes

132 1598 325 1662 Circumstant
334 1597 456 1675 fremitu
469 1599 565 1668 dens0,
578 1599 737 1676 stipantque
751 1595 931 1678 frequenterr

131 1701 170 1758 Et
184 1700 255 1776 saepe
269 1703 413 1759 adtollunt
425 1703 560 1772 humeris,
580 1711 610 1759 et
623 1721 740 1779 corpora
753 1704 829 1762 bello

131 1803 293 1880 objeuant,
314 1804 522 1882 pulchramque
540 1814 643 1882 petunt
660 1825 712 1882 per
725 1807 841 1866 volnera
853 1827 929 1868 mor·

143 1903 145 1906 ’
184 1943 187 1952 ·
248 1919 316 1966 tem.

170 2011 226 2070 His
239 2013 357 2088 quidam
370 2013 466 2089 fignis,
487 2023 573 2091 atque
586 2015 648 2072 haec
660 2015 790 2092 exempla
804 2015 904 2086 secuti,

131 2115 195 2173 Effe
208 2115 308 2192 apibus
321 2125 432 2197 partem
445 2117 551 2174 divinae
564 2117 677 2186 mentis,
696 2127 727 2174 et
739 2118 852 2176 haustus

131 2219 290 2289 AEtherios,
310 2219 421 2281 dixere:
444 2221 540 2280 Deum
554 2239 678 2296 namque
691 2221 733 2278 ire
743 2239 793 2298 per
805 2221 898 2280 omnis

130 2323 929 2402 Terraeque,tradusquemaris,coelumqueprofundum.

130 2425 211 2484 Hinc
222 2427 354 2502 pecudes,
362 2435 499 2496 armenta,
508 2427 590 2495 viros,
602 2445 692 2503 genus
700 2447 785 2486 omne
795 2429 929 2497 ferarum,

132 2529 289 2606 Quemque
302 2529 354 2588 fibi
368 2529 462 2587 tenuis
475 2529 638 2587 nascentem
652 2529 785 2588 arcessere
798 2531 872 2590 vitas
982 2513 985 2522 ¹

132 2633 262 2690 Scilicet:
285 2633 342 2690 huc
355 2633 436 2690 reddi
449 2632 562 2701 deinde,
578 2652 611 2690 ac
624 2633 745 2690 resoluta
761 2633 870 2702 referri,

129 2736 240 2794 Omnia
245 2760 253 2806 ;
276 2753 329 2792 nec
342 2736 428 2794 morti
440 2736 495 2794 effe
506 2736 617 2806 locum3
640 2735 688 2792 sed
702 2735 766 2794 viva
780 2737 876 2792 volare

130 2837 236 2898 Sideris
249 2839 280 2896 in
294 2857 455 2910 numerum,
477 2849 562 2915 atque
576 2839 634 2896 alto
647 2838 794 2896 succedere
806 2839 888 2898 coelo.

171 2941 328 3018 Siquando
341 2941 605 3018 sedemuugustrrn,
619 2942 783 3016 servataque
796 2941 882 2998 mella
955 2965 956 2969 ¹

128 3043 293 3113 Thesauris,
313 3045 430 3115 reliues3
452 3045 530 3121 prius
542 3046 644 3104 haustu
658 3044 766 3120 sparsus
779 3063 928 3119 aquarum,

130 3147 192 3206 Ore
203 3148 272 3208 fove
286 3149 435 3225 fumosque
448 3148 693 3225 manupraetende
706 3147 840 3223 sequacis.

523 3245 534 3284 1
