2236 3584
165 163 226 218 204
427 161 701 231 AEunrnos,
851 127 980 232 suos(

164 289 337 372 Penthesilea
349 313 457 387 furens,
478 317 635 394 mediisque
647 316 678 374 in
689 313 816 374 nullibus
829 315 917 384 ardet,

163 415 260 472 Aurea
273 415 439 474 subdedens
451 418 567 476 exsertae
579 418 698 494 cingula
711 435 853 486 marumae,

162 515 299 574 Bellatriu
306 541 316 589 3
336 519 478 594 audetque
490 520 558 578 viris
570 530 735 578 concurrere
747 517 838 596 virgo.

201 619 275 678 Haec
287 620 365 689 dum,
385 621 533 679 Dardanio
545 622 649 680 AEneoe
662 620 798 687 miranda,
812 619 956 690 videntur,

163 720 245 780 Dum
257 721 357 798 stupet,
377 725 538 799 obtutuque
550 723 638 780 heret
649 722 759 780 defixus
771 721 802 778 in
815 729 888 792 uno,

163 821 273 900 Regina
286 824 322 880 ad
335 824 484 900 templum,
503 824 596 882 for-end
607 823 807 900 pulcherrima,
827 823 906 882 Dido

163 922 287 992 lnceffit,
306 926 411 1000 magna
419 923 561 1002 juvenum
573 925 697 1002 stipante
705 924 826 984 catervis.

163 1025 266 1084 Qualis
278 1026 310 1084 in
321 1028 434 1086 Eurotae
445 1025 523 1103 ripis,
543 1036 594 1086 aut
605 1045 656 1104 per
664 1025 735 1103 juga
748 1026 868 1102 Cynthi,

163 1129 282 1186 Exercet
295 1129 389 1188 Diana
402 1129 516 1201 choros3
537 1149 624 1205 quarn
636 1129 716 1186 mille
730 1127 832 1186 secutae

82 1288 86 1294 .
163 1233 242 1291 Hinc
255 1235 339 1309 atque
351 1232 420 1292 hinc
433 1233 626 1310 glomerantur
635 1233 772 1290 Oreades:
794 1230 843 1290 ille
854 1229 955 1306 phere-

162 1367 168 1374 ·
241 1341 314 1394 tram

164 1437 230 1494 Fert
237 1436 365 1505 humero,
377 1435 564 1512 gradiensque
572 1436 636 1494 deas
648 1433 838 1510 supereminet
846 1433 939 1492 omnis
945 1457 956 1506 ς

164 1540 280 1596 Latonae
293 1539 413 1596 taciturn
425 1546 588 1614 pertentant
601 1536 704 1613 gaudia
716 1536 827 1611 penus:

162 1639 242 1698 Talis
254 1649 315 1698 erat
328 1639 415 1705 Dido,
437 1639 524 1698 talem
536 1639 564 1696 se
576 1639 642 1696 laeta
655 1639 764 1698 ferebat

164 1742 217 1800 Per
229 1741 346 1814 medios,
363 1741 469 1800 instans
482 1741 569 1818 operi,
588 1741 740 1818 regnisque
754 1739 867 1800 futuris.

162 1844 240 1902 Tum
253 1843 361 1902 foribus
373 1843 455 1912 divae,
476 1842 570 1902 medis
583 1842 722 1900 testudine
735 1842 847 1918 templi,

164 1946 256 2024 Saepta
269 1944 363 2014 armis,
382 1945 508 2020 solioque
521 1944 579 2002 alte
592 1943 720 2013 subnixa,
741 1943 853 2002 resedit.

164 2049 232 2124 Jura
246 2047 340 2117 dabat,
360 2046 502 2122 legesque,
519 2045 601 2117 viris,
622 2063 797 2122 operumque
808 2046 936 2112 laborem

163 2148 293 2211 Partibus
305 2151 435 2223 aequabat
442 2147 532 2225 justis,
552 2157 601 2206 aut
614 2146 688 2207 sorte
700 2147 844 2206 trahebam

84 2309 87 2314 .
165 2235 265 2312 Ouum
279 2249 373 2308 subito
386 2250 494 2310 AEuees
507 2249 646 2324 concursu
657 2250 792 2308 adcedere
804 2269 911 2326 magno

68 2333 73 2340 ”
163 2351 291 2420 Anthea,
315 2349 529 2428 Sergestumque
551 2351 640 2419 videt,
666 2351 827 2428 sortemque
850 2353 968 2412 Clean·-

242 2453 334 2526 thum,

163 2559 396 2631 Teucrorumque
409 2553 492 2612 alios:
514 2562 575 2612 ater
587 2573 658 2630 quos
670 2573 782 2631 aequore
795 2557 879 2614 turbo

164 2657 337 2736 Dispulerat,
356 2656 525 2734 penitusque
538 2656 606 2715 alias
619 2665 751 2714 avexerat
762 2676 834 2716 oras.

164 2762 319 2839 Obstupuit
331 2760 413 2821 emur
425 2760 495 2837 ipse,
515 2759 597 2818 umus
610 2759 751 2835 percarus
764 2759 890 2818 scisses
919 2755 921 2760 ’

164 2864 333 2940 Laetitiique
346 2870 495 2937 metuque:
517 2859 594 2918 avidi
606 2859 779 2938 conjungere
791 2863 905 2922 dextras

163 2967 311 3024 Ardebant
315 2989 324 3036 i
346 2963 394 3022 sed
408 2973 450 3022 re's
463 2963 572 3021 animos
584 2961 731 3038 incognita
745 2965 851 3026 turbat.

164 3067 361 3142 Diffinrulant3
382 3075 411 3126 et
425 3067 502 3126 nube
514 3064 582 3148 caud
595 3064 773 3143 speculantur
785 3066 891 3137 amisti,
