2208 3574
162 201 223 256 234
420 195 695 265 AENEIDOS,
850 202 960 266 v.499.·

162 352 241 408 Cum
253 349 366 408 stabulis
379 361 506 409 armenta
519 351 615 408 trahit.
642 350 712 408 Vidi
724 349 785 426 ipse
796 350 942 408 fruentem
954 377 957 384 ¹

162 453 250 510 Caede
263 452 497 528 Neoptolemum,
516 453 702 529 geminomue
714 452 746 509 in
761 451 861 510 limine
873 451 955 508 Atri-

241 555 303 611 das:

140 635 152 660 ¹
163 655 232 713 Vidi
252 657 413 723 Hecubam,
438 663 613 732 centumque
631 674 728 722 nurus,
755 654 955 729 Priamumque

239 775 290 834 per
301 773 362 815 arao

161 859 307 936 Sanguine
319 859 484 928 sedantem,
504 877 575 934 quoe
586 858 647 935 ipse
659 855 823 925 sacraverat,
842 855 927 932 ignis.

163 962 384 1038 Quinquaginta
395 962 439 1019 illi
453 963 581 1030 thalami,
601 961 662 1038 sper
673 971 752 1018 tanta
765 961 917 1038 nepotum!
960 976 963 980 ·

163 1063 314 1122 Bouarioo
324 1063 415 1140 postes
426 1083 495 1122 auro
507 1063 660 1140 spoliisque
671 1062 785 1138 superbi

163 1166 348 1222 Procubnere.
387 1167 502 1222 Tenent
514 1165 618 1234 Danai,
639 1165 696 1240 qui
708 1164 806 1222 deficit
816 1163 902 1240 ignis.

201 1267 325 1323 Foriitnn
338 1275 377 1334 et,
397 1266 501 1324 Priami
513 1266 623 1324 inerint
635 1285 700 1342 quae
711 1266 780 1334 sata,
799 1265 932 1342 requiras.

161 1367 251 1425 Urbis
262 1368 306 1424 uti
319 1378 409 1444 captae
421 1367 527 1436 casum,
546 1367 734 1442 convolsaque
746 1367 821 1425 vidit

162 1469 277 1528 Limina
290 1471 438 1538 tenorum,
458 1479 489 1526 et
501 1469 629 1526 medium
641 1469 673 1526 in
686 1469 880 1545 penetralibus
888 1469 953 1526 hos·

239 1579 312 1640 tem;

161 1672 253 1730 Arma
264 1673 321 1730 din'
328 1673 421 1730 senior
433 1671 547 1730 desueta
560 1673 747 1730 trementibus
759 1691 821 1730 aevo

161 1775 329 1832 circumdat
339 1775 532 1852 nequidquam
542 1775 677 1842 humeris,
689 1781 720 1831 et
732 1774 836 1832 inutile
845 1775 956 1832 sermm

161 1876 305 1952 Cingitur,
325 1895 359 1934 ac
370 1877 471 1934 densos
481 1877 573 1934 fertur
584 1875 739 1934 moriturus
750 1875 783 1932 in
795 1875 891 1934 hostis.

199 1979 325 2037 AEtlibns
337 1980 370 2036 in
383 1979 493 2047 mediis,
512 1979 647 2053 nudoque
662 1977 714 2036 sub
726 1977 839 2034 retheris
851 1996 915 2048 axe,

161 2081 267 2157 Ingens
279 2099 327 2138 ara
339 2081 411 2151 suin
428 2079 569 2156 juxmque
581 2081 730 2138 veterrima
742 2080 847 2147 laurus,

161 2183 332 2240 Incumbene
345 2201 410 2250 arae,
429 2192 515 2257 atque
527 2182 629 2239 umbri
640 2182 780 2258 oonplexn
793 2183 922 2240 Penates.

160 2282 220 2340 Hic
232 2285 353 2340 Hecuba
366 2293 395 2340 et
407 2293 482 2342 nntae
498 2283 703 2358 nequidquam,
722 2284 823 2342 altaria
835 2284 953 2354 circum,

161 2386 321 2464 Pracipites
333 2388 394 2444 atri
406 2403 460 2444 oen
473 2387 638 2462 tempestate
649 2387 798 2455 columbe,

160 2487 328 2559 Condensae,
338 2498 369 2546 et
379 2490 475 2546 divom
488 2489 628 2565 amplexae
640 2489 795 2557 fimum,
808 2490 952 2548 sedebant.

160 2590 259 2667 ipsum
270 2599 368 2648 antem
381 2590 481 2648 sumtis
491 2590 637 2648 Priamum
642 2589 824 2665 juvenalibus
836 2593 921 2649 armis

160 2693 205 2750 Ut
215 2689 303 2762 vidit3
322 2693 398 2750 Quae
407 2711 488 2751 mens
498 2702 557 2750 tam
567 2691 639 2762 dira,
652 2692 809 2750 miserrime
817 2691 953 2770 oonjunx,

161 2795 271 2872 Inpulit
283 2794 329 2852 his
339 2794 418 2872 cingi
431 2793 512 2852 telis?
533 2803 584 2852 aut
594 2813 652 2870 quo
664 2795 738 2852 ruis?
757 2795 864 2871 inquit.

161 2897 232 2954 Non
243 2892 295 2954 tuli
308 2897 426 2966 auxilio,
445 2915 500 2954 nec
512 2895 706 2954 defensoribus
718 2895 786 2965 istis,

161 2998 288 3074 Tempus
297 3007 376 3076 eget:
398 2997 953 3076 non,fiipsemeusnunco5lforetilec·

241 3109 294 3158 tor.
