2236 3584
177 159 231 224 178
498 149 565 206 CO
580 149 649 232 ΡΑ.
888 167 915 208 v.
930 157 976 218 19.

173 306 373 380 Castaneaeque
386 321 482 373 nuces,
502 303 628 362 et'suave
641 302 773 362 rubentia
785 303 877 362 mala:

211 409 259 466 Est
271 407 321 466 hic
334 407 441 465 munda
455 407 540 464 Ceres
545 432 553 478 3
575 408 614 464 est
627 408 728 476 Amor,
747 407 787 464 est
800 406 943 466 Bromius:

174 515 245 572 Sunt
260 520 290 569 et
299 527 380 568 mora
393 521 520 579 cruenta,
540 519 569 568 et
581 508 666 568 lentis
678 529 734 568 uva
746 509 878 582 racemis3

212 615 269 682 Est,
288 615 414 690 pendens
422 612 520 690 junco,
540 614 675 670 caeruleus
686 611 828 671 cucumis:

173 718 221 776 Est
234 718 330 794 tuguri
343 717 442 784 custos,
450 727 581 774 ‹armatus
593 717 666 774 falce
679 716 788 794 selige&
795 741 803 786 ς

212 821 267 878 Sed
280 839 338 878 non
352 829 381 877 et
394 820 470 877 vasto
483 820 522 878 est
539 817 658 896 inguine
672 819 815 876 terribilis.

172 925 242 984 Huc
254 923 373 981 Alibida
386 923 467 980 veni:
489 923 573 998 fessus
582 920 643 998 jam
656 921 738 980 sudat
750 921 864 980 asellus:

211 1029 296 1086 Parce
308 1027 353 1083 illi
360 1052 368 1098 3
391 1027 513 1084 vestrum
526 1025 662 1084 delicium
674 1025 714 1082 est
726 1025 826 1085 asrnus.

153 1197 159 1206 x
173 1131 206 1188 N
207 1149 263 1188 unc
277 1139 363 1187 cantu
376 1131 474 1188 crebro
487 1139 625 1206 rumpunt
637 1130 748 1187 arbusta
760 1129 879 1201 cicadae3

214 1233 303 1290 Nunc
316 1232 392 1290 varia
406 1232 437 1290 in
451 1232 546 1308 gelida
559 1231 623 1311 sepe
635 1232 740 1290 lacerta
752 1233 830 1292 latet.

176 1335 206 1394 Si
219 1319 301 1412 sepis,
322 1335 416 1392 aestivo
429 1337 566 1408 recubans
579 1345 608 1392 te
621 1337 720 1412 prolue
732 1336 806 1396 vitro
811 1362 819 1407 3

214 1440 270 1496 Seu
282 1425 334 1508 ris,
354 1437 476 1514 crystalli
489 1449 567 1496 verte
579 1457 666 1498 novos
679 1439 789 1498 calices.

175 1541 228 1600 Eia
241 1561 303 1618 age,
323 1541 477 1620 pampinea
490 1541 572 1600 feffus
585 1542 728 1618 requiesce
740 1542 792 1600 sub
805 1543 920 1616 umbr25

213 1647 251 1702 Et
265 1645 415 1722 gravidum
428 1643 507 1703 roseo
519 1645 600 1703 ssebre
612 1656 699 1722 caput
711 1645 852 1724 strophio:

174 1733 323 1807 Formosus
336 1758 440 1806 tenerae
453 1749 585 1826 decerpes
596 1767 643 1807 ora
657 1749 769 1826 puellae.

212 1852 277 1910 Ah!
299 1862 405 1928 pereat,
426 1851 474 1910 cui
488 1852 553 1910 sunt
565 1852 655 1929 prisca
668 1852 829 1929 supercilia!
915 1867 918 1872 ·

175 1937 257 2027 Quid
270 1955 360 2012 cineri
373 1955 486 2032 ingrato
498 1955 587 2012 servas
600 1957 672 2012 bene
686 1955 793 2022 olentia
805 1956 895 2014 serta?

212 2042 300 2114 Arme
313 2069 446 2116 coronato
459 2057 501 2116 vis
514 2057 603 2134 lapidi
615 2058 666 2114 ista
678 2058 753 2134 legi?

175 2162 251 2218 Pone
260 2147 381 2236 ructum,
391 2159 509 2219 ettalos.
531 2163 657 2230 Fercem,
669 2161 718 2237 qui
728 2161 845 2220 crastina
855 2165 969 2250 curant!¹

213 2264 293 2321 Mors
306 2252 404 2341 aurem
418 2263 533 2336 vellens,
547 2265 654 2336 Vivite,
675 2265 725 2338 ait,
746 2265 838 2324 venio.
