2208 3574
419 103 622 150 NOTULAE.
686 141 688 148 .

125 259 178 290 nam
190 241 245 289 nihil
260 252 335 302 agunt,
351 259 401 305 quae
417 244 540 290 cumulavit
549 215 740 294 Drakenborcliius
753 242 780 289 ad
790 243 828 290 vii.
841 257 879 305 90.
894 253 917 291 et

124 332 267 378 Burmannus
279 331 301 376 in
312 325 459 390 Anthologii.

158 416 215 466 Vll.
240 430 260 478 ς.
285 415 320 464 Ιιὶ
338 418 435 465 videram
453 435 507 466 cum
525 420 653 469 Burmanno
670 418 804 465 scribendum
820 419 874 464 effe:
898 427 921 464 et

124 503 181 554 forte
192 506 282 552 ‘verba'
295 506 318 552 in
328 521 374 552 v.r.
387 523 409 554 2.
425 505 484 552 mali
495 516 593 553 mutatur
603 507 627 552 iu
638 511 645 538 ‘
652 505 730 560 turba,’
747 506 800 552 crim
810 507 836 552 de
846 505 928 552 homi-.

125 593 197 650 nibus,
213 593 311 654 quisunt
327 609 387 640 mera
397 609 441 639 vox
451 603 474 640 et
483 594 540 640 nihil
550 591 661 655 praetereir,
677 593 733 640 nihil
744 595 800 640 ultra
811 590 922 656 κυμίιιλιν

126 681 246 741 annelat,
263 679 312 742 apte
323 681 436 743 usurpetur
446 681 520 728 dictio.

158 769 212 816 Ver.
224 767 247 815 6.
270 767 336 816 Hald
346 766 458 836 iuvenustd
469 769 587 830 scripseris:

255 857 371 917 Tuqueol
391 871 500 914 mearum,
517 857 592 902 ‘care’
609 857 680 914 Sexte,
696 869 814 904 curatum:

128 944 146 990 i.
158 961 179 990 e.
197 959 241 990 una
251 959 279 989 ex
291 944 346 1010 meir
355 945 420 991 curis.

160 1031 216 1082 Ver.
230 1045 267 1078 10.
289 1031 328 1080 Ad
339 1047 440 1078 normam
450 1032 528 1084 codicis
537 1033 633 1094 supplere
642 1042 740 1093 poteras:

257 1119 377 1180 Vitamque
386 1119 414 1165 ab
423 1120 486 1166 omni
497 1119 648 1166 ‘vindicamus
659 1119 721 1166 hinc’
732 1117 795 1166 aurs.

160 1208 214 1254 Ver.
227 1221 264 1253 ιι,
286 1207 373 1252 Scribo:

257 1296 290 1340 lte
301 1295 360 1350 hinc,
377 1295 502 1353 Caruoenae;
519 1309 558 1340 vos
568 1311 653 1356 quoque
664 1295 702 1352 ite,
715 1311 763 1351 voe,
779 1294 859 1354 suaves,

257 1385 478 1432 DulcesCamoenae:

129 1488 174 1520 non
185 1472 266 1518 inscitae
276 1472 325 1518 sunt
335 1472 470 1532 repetitiones
479 1472 502 1518 in
512 1481 559 1517 tam
570 1472 632 1518 molli
642 1472 710 1518 versu.
734 1475 750 1502 “
758 1471 849 1520 Suaves’
861 1471 921 1520 dixi?

130 1565 148 1592 “
159 1560 205 1609 imd
215 1566 223 1592 ‘
232 1562 316 1608 dulces'
328 1560 466 1607 Camoenae.‘'
499 1561 573 1620 Surgit
582 1561 665 1606 oratio:
683 1559 732 1606 vide
740 1559 880 1606 Macrobium
891 1560 924 1606 sa·

129 1659 189 1696 tum.
199 1650 237 1698 vii.
254 1663 277 1708 7.
286 1649 367 1716 'versus
377 1648 454 1714 finem.

136 1745 138 1748 '
159 1741 207 1786 Jx.
228 1752 248 1784 1.
270 1737 410 1785 Construdlio
420 1737 465 1783 est:
476 1740 494 1766 “
503 1735 527 1781 Si
539 1735 589 1782 licet
601 1737 609 1765 ‘
616 1736 655 1782 ut’
666 1736 707 1782 hoc
716 1736 787 1782 dicam
797 1735 840 1782 fine
849 1734 923 1782 fraude

130 1829 146 1858 “
155 1827 178 1872 in
189 1826 313 1886 legitimum
325 1823 470 1872 sermonem.”
497 1823 592 1872 Versum
603 1823 695 1869 tertium
706 1819 736 1868 iti
748 1822 853 1889 refingat:

192 1935 195 1948 ι
258 1915 296 1960 Sin
306 1909 383 1959 autdm
394 1915 402 1942 ‘
411 1927 447 1974 pes
457 1911 528 1957 redla’
539 1921 597 1957 vetat
609 1925 645 1957 me
658 1911 733 1957 dicere.

163 2005 209 2050 xl.
228 2004 251 2048 6.
275 2002 312 2048 Ad
326 2001 418 2062 speciem
429 2009 451 2045 et
466 2000 571 2046 staturam
586 1997 677 2050 reseram
691 2013 754 2044 voces
767 1997 887 2058 ‘magnus'
902 2007 924 2044 et

130 2090 247 2152 ‘superbus
256 2090 271 2136 ι’
288 2090 323 2136 adi
334 2088 389 2134 AEn.
401 2087 448 2133 viii.
460 2101 483 2146 9.
498 2102 522 2132 v.
533 2099 589 2144 401.
598 2099 656 2144 402.

162 2179 218 2226 Ver.
233 2190 269 2238 14.
290 2175 407 2222 Manifesta
417 2173 489 2221 restst
499 2171 654 2232 iungendum
664 2173 716 2232 esse3
735 2173 799 2236 prodt
812 2175 854 2238 ipse
869 2174 926 2220 seor-

130 2265 171 2312 sim
181 2265 338 2327 perspexeram.

144 2411 147 2416 ἱ
163 2356 216 2400 Ver.
230 2365 267 2410 17.
287 2355 327 2398 An
337 2350 485 2409 refingendum
496 2349 504 2394 l

260 2439 339 2486 ‘Colle
349 2437 424 2500 luper’
436 2437 508 2492 viridi,
524 2436 642 2496 patulae-.

163 2531 217 2576 Vct.
231 2539 268 2586 30.
287 2526 376 2573 Verum
385 2524 471 2570 videtur
481 2523 606 2584 ‘quisque'

95 2667 98 2675 ,
163 2619 216 2664 Ver.
230 2628 267 2676 34.
289 2614 370 2668 Scribo,
387 2607 484 2658 maximi
494 2626 546 2656 cum
557 2610 677 2670 Scaligero:

259 2707 267 2732 ⁴
276 2701 384 2748 inmitem
392 2699 498 2761 erpertae'
509 2696 611 2754 fulmine,
627 2708 649 2744 et
659 2696 736 2755 imbre,
746 2699 834 2763 Jovem.

164 2794 218 2843 Ver.
228 2803 270 2853 44.
294 2789 373 2836 Nescio
383 2803 410 2833 an
420 2785 530 2833 tolerabile
540 2785 574 2842 srt,
590 2785 646 2846 quod
656 2784 726 2830 daturi
740 2784 828 2832 sumus:

260 2878 320 2924 Tam
330 2873 404 2938 procdl
417 2876 473 2920 ‘hac
484 2867 572 2946 noiirti‚'
589 2881 634 2919 tam
651 2870 725 2934 prutlrl
735 2876 743 2904 ‘
749 2873 777 2918 ah
785 2872 800 2919 l’
817 2869 901 2936 patrii:

133 2967 183 3014 vide
193 2966 243 3014 Ecl.
255 2981 276 3012 x.
293 2962 333 3024 46.
349 2974 389 3023 47.
905 2943 916 2954 η
