2194 3584
5 185 6 210 ¹
125 189 222 279 v2207'
447 201 610 270 Mul.
888 219 927 282 49

5 313 9 446 i
121 364 237 434 Pontus,
258 373 288 424 et
301 365 421 424 ostriferi
435 368 531 426 fauces
544 374 693 426 tentantur
705 353 813 444 Abydi.
920 399 926 414 ι

122 465 209 524 Libra
222 466 270 524 die
281 468 431 545 somnique
444 489 525 546 pares
538 470 589 527 ubi
603 470 704 528 fecerit
716 470 809 536 horas,

5 575 7 646 J
121 567 163 627 Et
172 551 303 626 medium
315 569 373 628 luci
387 581 473 646 atque
486 573 595 630 umbris
604 571 665 649 jam
679 571 784 629 dividit
797 573 910 642 orbem3

122 671 270 742 Exercete,
289 672 355 742 viri,
372 683 476 743 tauros,
495 675 577 732 serite
590 674 695 732 hordea
708 673 827 751 campis,

5 833 7 846 ‚
121 773 221 849 Usque
231 774 282 832 sub
293 781 456 834 extremum
469 780 578 834 brumae
589 775 778 834 intrattabilis
791 776 924 837 imbrem.

123 875 189 933 Nec
202 895 260 934 non
275 886 304 934 et
315 877 369 934 lini
382 877 516 954 segetem,
536 889 566 936 et
579 879 696 936 Cereale
708 897 839 955 papaver,

112 973 249 1056 'Tempus
272 981 362 1039 humo
383 991 488 1058 tegere,
515 991 545 1039 et
563 979 734 1058 jamdudum
759 980 926 1040 incumbere

200 1081 293 1140 rastris
298 1107 308 1155 3

122 1183 203 1242 Dum
217 1184 289 1242 ficei
301 1185 404 1242 tellure
416 1185 494 1254 licet,
515 1187 584 1243 dum
598 1185 696 1244 nubila
709 1187 846 1262 pendent.

121 1285 198 1343 Vere
211 1286 285 1344 fabis
298 1286 385 1345 satio:
409 1298 472 1345 tum
486 1297 514 1344 te
527 1307 650 1364 quoque,
664 1287 789 1356 Medica,
803 1296 899 1364 putres

122 1388 286 1465 Adcipiunt
299 1389 380 1458 sulci,
399 1399 429 1446 et
442 1389 524 1447 milio
536 1389 617 1448 venit
630 1407 725 1447 annua
738 1407 820 1447 curas

122 1490 271 1549 Candidus
284 1491 390 1550 auratis
403 1492 494 1568 aperit
507 1511 598 1569 quum
611 1491 744 1548 cornibus
756 1485 866 1549 annum

120 1593 244 1663 Taurus,
265 1603 294 1652 et
307 1594 404 1652 averso
417 1596 519 1662 cedens
532 1593 620 1652 Canis
633 1593 740 1650 occidit
753 1593 832 1651 astro.

119 1696 173 1764 At,
195 1697 215 1753 s1
229 1695 372 1756 triticeam
383 1697 416 1754 in
429 1697 546 1754 messem
560 1695 728 1771 robustaque
740 1696 815 1754 sarra

118 1799 274 1857 Exercebis
289 1799 421 1870 humum,
443 1798 563 1875 solisque
578 1798 694 1855 instabis
707 1795 812 1866 aristis,

120 1902 201 1958 Ante
216 1901 270 1959 tibi
284 1903 351 1960 ane
365 1902 529 1960 Atlantides
542 1900 761 1967 abscondantur,

120 2004 284 2080 Gnosiaque
298 2005 422 2063 ardentis
435 2005 554 2063 decedat
568 2004 645 2062 stella
658 2001 788 2072 Coronae,

118 2108 229 2188 Debita
242 2127 329 2184 quam
343 2108 426 2166 sulcis
440 2108 594 2166 conmittes
607 2106 723 2174 semina,
742 2125 886 2182 quamque

120 2211 226 2268 Invitae
238 2231 369 2289 properes
383 2211 452 2269 anni
466 2211 546 2287 spem
558 2207 672 2268 credere
686 2217 775 2266 terrae.

118 2313 212 2372 Multi
226 2313 293 2372 ante
306 2314 438 2372 occasum
450 2312 539 2370 Maiae
552 2330 676 2388 coepere;
699 2311 747 2369 sed
760 2311 824 2368 illos

118 2416 292 2494 Exspestata
305 2417 383 2494 seges
396 2415 476 2474 vanis
488 2414 571 2472 elusrt
584 2413 682 2472 aristis.

120 2517 150 2576 Si
164 2538 232 2578 vero
246 2519 407 2594 viciamque
420 2518 502 2586 seres,
522 2517 667 2592 vilemque
678 2513 809 2585 faselum,
929 2535 930 2540 ¹

5 2645 6 2658 ¹
119 2621 187 2679 Nec
201 2610 350 2679 Pelusiacae
362 2639 460 2678 curam
475 2617 679 2696 adspemabere
691 2617 789 2688 lentis;

119 2723 211 2782 Haud
224 2722 341 2782 obscura
354 2723 458 2780 cadens
470 2720 568 2779 mittet
580 2719 634 2778 tibi
648 2720 727 2796 figna
739 2721 854 2776 Bootes:

120 2825 233 2902 Incipe,
251 2834 281 2884 et
294 2825 329 2883 ad
343 2823 449 2882 medias
462 2823 619 2882 sementem
632 2823 755 2880 extende
767 2821 892 2898 pruinas.

161 2927 282 2998 idcirco,
302 2927 387 2986 certis
400 2924 562 2984 dimensum
573 2924 712 3001 partibus,
733 2925 832 2983 orbem
857 2933 869 2959 ²

120 3033 176 3088 Per
188 3031 319 3088 duodena
332 3029 407 3106 regit
420 3027 522 3086 mundi
535 3026 582 3084 Sol
595 3045 696 3084 aureus
709 3025 788 3084 astra.

119 3131 262 3214 (dumque
275 3141 375 3193 tenent
383 3129 489 3191 coelum
498 3147 591 3201 aona,
606 3145 727 3205 quarum
737 3147 795 3188 una
806 3129 922 3188 corusco

517 3250 534 3290 s
