2208 3574
83 216 86 222 ·
143 190 201 244 208
400 187 675 255 AENEIDOS‚
828 185 936 247 ufioo.

144 339 234 412 Urbe,
255 341 349 410 domo,
369 343 477 416 socias3
497 355 589 422 grator
601 343 758 422 persolvere
770 341 870 420 dignas

145 443 214 502 Non
224 446 285 521 opis
296 447 335 502 est
344 447 451 516 nostrae,
465 449 555 507 Dido!
570 467 624 506 nec
632 445 772 524 quidquid
781 445 887 521 ubique
897 443 937 501 est

146 545 246 604 Gentis
260 547 420 618 Dardaniae‚
435 569 574 626 magnum
587 569 651 626 quoe
664 547 754 624 sparsa
765 566 817 624 per
829 549 935 604 orbem.

145 647 186 705 Di
200 649 262 716 tibi,
282 650 301 706 fi
315 669 371 725 qun
383 651 444 727 pios
457 651 614 728 respeelant
626 649 754 719 numina,
775 649 880 725 s1quid

145 750 274 826 Usquam
284 750 392 828 justitia
405 754 453 822 est,
473 763 503 811 et
515 773 595 812 mem
607 752 660 810 fibi
672 752 782 810 conscia
794 751 873 820 roffi,

145 853 263 912 Praemia
277 854 364 930 digna
376 856 478 913 ferant.
511 857 585 914 Quae
599 864 628 912 te
640 865 700 914 tam
712 854 777 912 laeta
791 853 919 911 tulerunt

146 954 269 1012 Saecula?
290 956 340 1031 qui
354 957 427 1014 tanti
441 957 526 1014 talem
540 975 665 1034 genuere
676 958 820 1034 parentes?
894 1035 899 1043 1

146 1056 181 1114 In
194 1043 266 1134 freta
279 1059 349 1115 dum
360 1059 440 1116 fluvii
454 1068 577 1134 current,
591 1061 661 1120 dum
673 1059 817 1116 montibus
829 1059 938 1115 umbrae

146 1145 317 1227 Lustrnbunt
329 1175 464 1231 connexa,
484 1147 649 1238 polus⁴⁵dum
661 1161 748 1218 fitlera
761 1159 866 1236 pascet,

147 1255 262 1338 Semper
273 1261 371 1332 honos,
392 1281 552 1339 nomenque
566 1273 656 1331 tuum,
676 1261 829 1338 laudesque
841 1279 937 1319 mane·

224 1365 312 1436 bunt5
339 1395 342 1400 ·
831 1369 833 1376 ’
875 1377 876 1381 ’

148 1467 223 1524 Quae
235 1485 282 1524 me
296 1485 419 1542 cumque
429 1477 531 1526 vocant
542 1479 630 1526 terrae.
658 1467 703 1526 Sic
716 1469 801 1540 fatus,
813 1467 940 1528 amicum

146 1569 254 1628 Ilioneo
267 1569 460 1646 peritomen,
481 1571 608 1646 laevique
622 1570 773 1630 Serestum:

147 1671 210 1730 Post
219 1671 298 1740 alios,
309 1663 471 1746 sortemque
479 1673 572 1748 Gyan,
583 1672 746 1748 sortemque
754 1671 939 1730 Cloanthum.

186 1773 340 1850 Obstupuit
352 1773 446 1850 primo
457 1773 590 1850 adspectu
603 1773 716 1832 Sidonia
729 1774 816 1843 Dido,

148 1876 223 1934 Casu
236 1871 338 1934 deinde
351 1875 406 1934 viri
419 1885 512 1948 tant05
534 1885 564 1934 et
577 1877 614 1933 fic
627 1894 675 1934 ore
686 1874 845 1942 locutaest:

150 1979 226 2037 ouis
239 1989 277 2050 te,
298 1985 365 2037 nate
378 1979 439 2047 dei,
459 1997 510 2054 per
523 1987 602 2036 tanta
615 1979 740 2056 pericula
753 1978 833 2036 casus

148 2083 327 2158 Insequitur?
338 2083 414 2159 ‘quae
425 2081 468 2140 vio
480 2081 643 2141 inmanibus
655 2082 778 2158 adplicat
790 2081 861 2140 oris?

148 2184 232 2243 Tune
245 2185 295 2242 ille
307 2185 425 2253 AEneas‚
445 2203 531 2260 quem
544 2183 689 2242 Dardanio
702 2183 837 2241 Anchisae

149 2288 237 2345 Alma
246 2287 344 2344 Venus
358 2285 474 2362 Phrygii
488 2285 590 2362 genuit
603 2285 754 2344 Simoentis
768 2287 804 2343 ad
816 2287 940 2344 undam?

150 2391 248 2465 Atque
260 2389 393 2463 equidem
405 2387 550 2446 Teucrum
563 2389 682 2446 memini
696 2388 799 2446 Sidona
813 2388 921 2458 venire,

150 2493 267 2552 Finibus
280 2491 429 2568 expulsum
441 2490 548 2568 patriis,
569 2509 642 2548 nova
659 2509 745 2568 regna
758 2499 904 2566 petentem

151 2595 271 2654 Auxilio
284 2593 361 2652 Beli:
384 2593 497 2668 genitor
510 2602 573 2650 tum
586 2593 669 2650 Belus
682 2593 809 2669 opimam

150 2699 284 2756 Vastabat
297 2695 434 2772 Cyprum,
455 2703 485 2752 et
498 2694 587 2752 vietor
599 2694 712 2752 ditione·
724 2697 848 2754 tenebat.

149 2801 291 2877 Tempore
299 2797 359 2875 jam
372 2817 408 2855 ex
421 2797 472 2854 illo
485 2795 563 2854 casus
575 2795 648 2854 mihi
661 2797 792 2874 cognitus
804 2797 883 2856 urbis

150 2901 290 2978 Trojanae,
311 2918 471 2974 nomenque
484 2907 576 2966 tuum,
596 2917 732 2975 regesque
745 2899 865 2976 Pelasgi.

152 3003 214 3079 Ipse
227 3001 311 3059 hostis
320 3001 445 3058 Teucros
458 3000 560 3076 infigni
573 3000 657 3058 laude
670 3001 788 3072 ferebat,
868 3023 870 3028 ·

152 3107 243 3180 Seque
256 3114 351 3162 ortum
364 3102 479 3179 antiqui
485 3103 662 3162 Teucrorum
675 3105 711 3162 ab
723 3103 806 3181 stirpe
819 3103 942 3164 volebat.
