2236 3584
165 205 194 257 v.
206 201 274 268 378.
469 193 496 254 C
508 193 539 252 U
551 193 577 252 L
590 193 670 252 EX.'
911 205 965 264 ldi-

167 353 222 410 Sed
235 349 431 410 tolerabilibus
444 349 520 408 curis
532 349 594 408 haec
606 349 750 408 inmemor
762 349 857 410 andis:

168 457 246 515 Quae
258 463 356 514 tamen
368 463 402 512 ut
413 453 494 512 vanis
507 452 656 512 dimittens
669 452 765 512 omnia
778 455 881 526 ventis,

165 559 331 637 Digredior,
352 575 500 634 nunquam
514 557 655 614 rediturus
660 581 670 628 3
691 548 724 614 tu
736 557 799 616 cole
811 559 909 630 sontis,
938 623 940 626 ,

166 665 206 721 Et
217 662 316 722 viridis
328 679 480 720 nemorum
492 659 585 730 silvas,
605 668 635 717 et
646 658 760 736 pascua,
779 662 877 721 laetus:

165 767 205 824 Et
217 785 282 824 mea
293 765 411 832 diffusas
424 765 571 842 rapiantur
584 763 659 824 diste
672 784 723 842 per
735 784 827 826 auras.

165 869 267 942 Dixit;
287 877 318 928 et
331 869 460 928 extremi
473 868 557 926 tristis
571 887 639 926 cum
651 887 720 926 voce
733 869 852 928 receffit.

205 975 295 1032 Hunc
308 974 359 1032 ubi
373 973 529 1030 sollicitum
542 972 649 1031 dimisse
661 973 764 1032 inertia
777 974 853 1044 vitae,
962 1025 965 1030 .

165 1076 290 1136 Interius
302 1077 431 1153 graditur
443 1084 572 1135 mentem
584 1095 668 1153 aeger,
687 1095 741 1135 nec
754 1078 823 1135 tulit
833 1079 919 1152 ultra,

166 1182 296 1240 Sensrbus
309 1180 446 1249 infusum,
466 1179 574 1238 Culicis
587 1180 623 1238 de
635 1189 728 1238 morte
741 1182 876 1240 dolorem

166 1287 443 1360 Quantumcumque
457 1283 509 1342 fibi
521 1283 595 1342 vires
608 1283 733 1342 tribuere
746 1284 862 1354 seniles

166 1390 242 1447 Quis
255 1398 352 1446 tamen
365 1387 501 1445 infestum
513 1405 644 1464 pugnans
656 1387 800 1446 devicerat
811 1389 929 1472 bostem,

165 1493 272 1551 Risum
284 1501 399 1569 propter
412 1478 502 1567 aquae,
514 1490 601 1548 viridi
614 1489 665 1548 sub
677 1491 779 1549 fronde
791 1492 930 1551 latentem

164 1597 352 1654 Consormare
360 1596 457 1652 locum
466 1594 544 1671 capit
553 1593 680 1671 inpiger:
695 1595 773 1654 hunc
783 1605 813 1654 et
823 1597 853 1654 in
864 1599 963 1656 orbem

163 1698 303 1768 Destinat,
325 1717 358 1756 ac
371 1699 439 1756 ser'ri
452 1697 588 1774 capulum
601 1697 733 1775 repetivit
746 1698 777 1755 in
789 1698 882 1771 usum,

164 1801 350 1860 Gramineam
362 1810 396 1858 ut
407 1801 493 1860 viridi
506 1801 617 1859 foderet
629 1801 665 1858 de
678 1800 783 1877 cespite
797 1811 912 1862 terram.

163 1907 230 1984 Jarn
240 1923 350 1964 memor
360 1905 507 1983 inceptum
518 1921 657 1982 peragens
668 1903 720 1960 fibi
734 1923 801 1962 cura
814 1905 944 1968 laborern

164 2009 339 2086 congestum
350 2007 511 2066 cumulavit
524 2025 603 2084 opus,
616 2016 703 2087 atque
715 2026 820 2085 aggere
829 2009 924 2066 rnulto

162 2111 288 2170 Telluris
301 2112 429 2170 tumulus
439 2112 595 2169 formatum
609 2111 699 2170 crevit
710 2109 742 2168 in
755 2114 869 2170 orbern:

164 2216 263 2294 Quem
275 2215 386 2274 circum
398 2215 533 2292 lapidem,
546 2215 616 2274 laevi
628 2215 664 2272 de
674 2233 815 2274 marmore
827 2215 964 2286 formans,

163 2318 304 2387 Conserit,
325 2318 438 2376 affiduae
451 2337 527 2376 curae
541 2337 660 2378 memor.
699 2318 758 2376 Hic
771 2327 801 2376 ct
814 2319 964 2391 acanthus,

161 2423 201 2479 Et
213 2421 272 2480 rosa
285 2441 427 2500 purpureo
440 2422 539 2480 crescit
551 2421 711 2480 rubicunda
724 2423 828 2493 colore,

161 2526 200 2582 Et
214 2525 297 2583 violae
311 2541 400 2601 genus
413 2543 498 2583 omne
511 2525 559 2584 hic
572 2527 621 2594 est,
640 2535 670 2584 et
684 2527 809 2604 Spartica
822 2533 944 2604 myrtus,

161 2628 450 2705 Atque'Hyacintbus
456 2653 464 2701 5
477 2637 507 2687 et
517 2628 566 2687 hic
574 2629 660 2687 Cilici
668 2649 767 2688 crocus
777 2629 872 2688 editus
883 2616 963 2702 arros

161 2733 272 2792 Laurus
282 2731 354 2790 item
361 2733 463 2791 Pboebi
475 2733 591 2810 surgens
602 2734 702 2805 decus;
721 2734 770 2792 hic
780 2733 961 2811 rhododaph-

238 2853 285 2904 ne,

161 2937 302 3013 Libaque,
323 2947 354 2996 et
366 2940 435 2998 roris
449 2959 507 2998 non
520 2940 583 2999 avia
597 2959 664 2999 cura
677 2940 790 3011 marini,

111 3054 114 3058 ’
159 3041 315 3118 Herbaque
327 3043 398 3102 turis
411 3063 478 3122 opes
490 3044 589 3122 priscis
602 3044 715 3102 imitata
729 3043 843 3113 Sabina,

160 3143 424 3225 Chrysanthusque,
432 3149 579 3224 ederaeque
587 3148 672 3222 nitor,
681 3147 807 3226 pallente
814 3149 961 3226 corymbo,
