<?xml version="1.0" encoding="UTF-8"?>
<!DOCTYPE html PUBLIC "-//W3C//DTD XHTML 1.0 Transitional//EN"
    "http://www.w3.org/TR/xhtml1/DTD/xhtml1-transitional.dtd">
<html xmlns="http://www.w3.org/1999/xhtml" xml:lang="en" lang="en">
 <head>
  <title>
</title>
<meta http-equiv="Content-Type" content="text/html;charset=utf-8" />
  <meta name='ocr-system' content='tesseract 3.04.00' />
  <meta name='ocr-capabilities' content='ocr_page ocr_carea ocr_par ocr_line ocrx_word'/>
</head>
<body>
  <div class='ocr_page' id='page_1' title='image "./pvirgiliimaroni02wakegoog/pvirgiliimaroni02wakegoog_0166.png"; bbox 0 0 2236 3584; ppageno 0'>
   <div class='ocr_carea' id='block_1_1' title="bbox 147 225 947 301">
    <p class='ocr_par' dir='ltr' id='par_1_1' title="bbox 147 225 947 301">
     <span class='ocr_line' id='line_1_1' title="bbox 147 225 947 301; baseline -0.006 -12"><span class='ocrx_word' id='word_1_1' title='bbox 147 244 176 289; x_wconf 76' lang='lat' dir='ltr'>r..</span> <span class='ocrx_word' id='word_1_2' title='bbox 188 237 254 301; x_wconf 78' lang='lat'>317.¹</span> <span class='ocrx_word' id='word_1_3' title='bbox 470 230 496 288; x_wconf 87' lang='lat' dir='ltr'>C</span> <span class='ocrx_word' id='word_1_4' title='bbox 510 229 633 288; x_wconf 65' lang='grc'><strong>11118,</strong></span> <span class='ocrx_word' id='word_1_5' title='bbox 890 225 947 286; x_wconf 78' lang='lat'>&#39;155</span> 
     </span>
    </p>
   </div>
   <div class='ocr_carea' id='block_1_2' title="bbox 151 383 948 562">
    <p class='ocr_par' dir='ltr' id='par_1_2' title="bbox 151 383 948 562">
     <span class='ocr_line' id='line_1_2' title="bbox 151 383 942 462; baseline -0.008 -19"><span class='ocrx_word' id='word_1_6' title='bbox 151 385 196 443; x_wconf 93' lang='lat' dir='ltr'>Ut</span> <span class='ocrx_word' id='word_1_7' title='bbox 209 383 264 444; x_wconf 86' lang='lat' dir='ltr'>tibi</span> <span class='ocrx_word' id='word_1_8' title='bbox 273 384 400 462; x_wconf 83' lang='lat' dir='ltr'>Corycio</span> <span class='ocrx_word' id='word_1_9' title='bbox 413 385 602 462; x_wconf 78' lang='lat' dir='ltr'>glomerarem</span> <span class='ocrx_word' id='word_1_10' title='bbox 614 384 747 442; x_wconf 81' lang='lat' dir='ltr'>flaminea</span> <span class='ocrx_word' id='word_1_11' title='bbox 759 383 830 440; x_wconf 88' lang='lat' dir='ltr'>luto.</span> <span class='ocrx_word' id='word_1_12' title='bbox 883 383 885 388; x_wconf 81' lang='grc'>’</span> <span class='ocrx_word' id='word_1_13' title='bbox 937 385 942 428; x_wconf 80' lang='grc' dir='ltr'>ἰ</span> 
     </span>
     <span class='ocr_line' id='line_1_3' title="bbox 152 484 948 562; baseline -0.009 -16"><span class='ocrx_word' id='word_1_14' title='bbox 152 489 221 554; x_wconf 78' lang='lat' dir='ltr'>Quo</span> <span class='ocrx_word' id='word_1_15' title='bbox 230 507 306 545; x_wconf 91' lang='lat' dir='ltr'>nunc</span> <span class='ocrx_word' id='word_1_16' title='bbox 317 507 373 555; x_wconf 87' lang='lat' dir='ltr'>me,</span> <span class='ocrx_word' id='word_1_17' title='bbox 381 487 498 545; x_wconf 84' lang='lat' dir='ltr'>infelixl</span> <span class='ocrx_word' id='word_1_18' title='bbox 513 498 634 562; x_wconf 82' lang='lat' dir='ltr'>autquae</span> <span class='ocrx_word' id='word_1_19' title='bbox 642 506 688 544; x_wconf 89' lang='lat' dir='ltr'>me</span> <span class='ocrx_word' id='word_1_20' title='bbox 696 485 815 543; x_wconf 87' lang='lat' dir='ltr'>numina</span> <span class='ocrx_word' id='word_1_21' title='bbox 825 484 948 544; x_wconf 78' lang='lat' dir='ltr'>servant?</span> 
     </span>
    </p>
   </div>
   <div class='ocr_carea' id='block_1_3' title="bbox 148 587 950 1176">
    <p class='ocr_par' dir='ltr' id='par_1_3' title="bbox 150 587 859 768">
     <span class='ocr_line' id='line_1_4' title="bbox 150 587 859 666; baseline -0.006 -18"><span class='ocrx_word' id='word_1_22' title='bbox 150 592 201 648; x_wconf 86' lang='lat' dir='ltr'>An</span> <span class='ocrx_word' id='word_1_23' title='bbox 215 589 314 656; x_wconf 83' lang='lat' dir='ltr'>nescis,</span> <span class='ocrx_word' id='word_1_24' title='bbox 334 590 391 664; x_wconf 71' lang='lat' dir='ltr'>qud</span> <span class='ocrx_word' id='word_1_25' title='bbox 403 590 467 665; x_wconf 84' lang='lat' dir='ltr'>lege</span> <span class='ocrx_word' id='word_1_26' title='bbox 480 589 567 666; x_wconf 79' lang='lat' dir='ltr'>patris</span> <span class='ocrx_word' id='word_1_27' title='bbox 580 590 616 646; x_wconf 90' lang='lat' dir='ltr'>de</span> <span class='ocrx_word' id='word_1_28' title='bbox 628 588 735 646; x_wconf 84' lang='lat' dir='ltr'>vertice</span> <span class='ocrx_word' id='word_1_29' title='bbox 748 587 859 644; x_wconf 89' lang='lat' dir='ltr'>summo</span> 
     </span>
     <span class='ocr_line' id='line_1_5' title="bbox 150 691 793 768; baseline -0.005 -19"><span class='ocrx_word' id='word_1_30' title='bbox 150 691 236 750; x_wconf 87' lang='lat' dir='ltr'>Edita</span> <span class='ocrx_word' id='word_1_31' title='bbox 249 691 396 748; x_wconf 87' lang='lat' dir='ltr'>candentis</span> <span class='ocrx_word' id='word_1_32' title='bbox 406 699 544 767; x_wconf 78' lang='lat' dir='ltr'>praetexat</span> <span class='ocrx_word' id='word_1_33' title='bbox 555 709 678 768; x_wconf 87' lang='lat' dir='ltr'><strong>purpura</strong></span> <span class='ocrx_word' id='word_1_34' title='bbox 691 691 793 748; x_wconf 86' lang='lat' dir='ltr'>canos?</span> 
     </span>
    </p>

    <p class='ocr_par' dir='ltr' id='par_1_4' title="bbox 149 791 833 870">
     <span class='ocr_line' id='line_1_6' title="bbox 149 791 833 870; baseline -0.004 -20"><span class='ocrx_word' id='word_1_35' title='bbox 149 793 230 852; x_wconf 72' lang='lat' dir='ltr'>ssuae</span> <span class='ocrx_word' id='word_1_36' title='bbox 243 794 325 851; x_wconf 89' lang='lat' dir='ltr'>tenui</span> <span class='ocrx_word' id='word_1_37' title='bbox 337 793 436 870; x_wconf 83' lang='lat' dir='ltr'>patriae</span> <span class='ocrx_word' id='word_1_38' title='bbox 448 792 509 869; x_wconf 80' lang='lat' dir='ltr'>spes</span> <span class='ocrx_word' id='word_1_39' title='bbox 523 793 557 850; x_wconf 91' lang='lat' dir='ltr'>fit</span> <span class='ocrx_word' id='word_1_40' title='bbox 570 791 699 868; x_wconf 85' lang='lat' dir='ltr'>suspensa</span> <span class='ocrx_word' id='word_1_41' title='bbox 712 791 833 868; x_wconf 76' lang='lat' dir='ltr'>capillo?</span> 
     </span>
    </p>

    <p class='ocr_par' dir='ltr' id='par_1_5' title="bbox 148 893 831 970">
     <span class='ocr_line' id='line_1_7' title="bbox 148 893 831 970; baseline -0.004 -17"><span class='ocrx_word' id='word_1_42' title='bbox 148 896 183 954; x_wconf 73' lang='lat' dir='ltr'>Si</span> <span class='ocrx_word' id='word_1_43' title='bbox 194 895 293 964; x_wconf 89' lang='lat' dir='ltr'>nescis,</span> <span class='ocrx_word' id='word_1_44' title='bbox 313 895 438 970; x_wconf 81' lang='lat' dir='ltr'>aliquam</span> <span class='ocrx_word' id='word_1_45' title='bbox 451 894 561 970; x_wconf 78' lang='lat' dir='ltr'>polium</span> <span class='ocrx_word' id='word_1_46' title='bbox 574 893 682 970; x_wconf 87' lang='lat' dir='ltr'>sperare</span> <span class='ocrx_word' id='word_1_47' title='bbox 696 893 815 950; x_wconf 83' lang='lat' dir='ltr'>salutern</span> <span class='ocrx_word' id='word_1_48' title='bbox 822 917 831 964; x_wconf 80' lang='lat'>3</span> 
     </span>
    </p>

    <p class='ocr_par' dir='ltr' id='par_1_6' title="bbox 151 997 950 1176">
     <span class='ocr_line' id='line_1_8' title="bbox 151 997 944 1074; baseline -0.006 -16"><span class='ocrx_word' id='word_1_49' title='bbox 151 999 244 1058; x_wconf 84' lang='lat' dir='ltr'>Inscia</span> <span class='ocrx_word' id='word_1_50' title='bbox 257 999 488 1074; x_wconf 80' lang='lat' dir='ltr'>quandoquidem</span> <span class='ocrx_word' id='word_1_51' title='bbox 503 997 591 1058; x_wconf 87' lang='lat' dir='ltr'>scelus</span> <span class='ocrx_word' id='word_1_52' title='bbox 603 1016 633 1054; x_wconf 71' lang='lat' dir='ltr'>ee</span> <span class='ocrx_word' id='word_1_53' title='bbox 645 1005 745 1055; x_wconf 81' lang='lat' dir='ltr'>conata</span> <span class='ocrx_word' id='word_1_54' title='bbox 764 997 944 1054; x_wconf 72' lang='lat' dir='ltr'>nefandum.1</span> 
     </span>
     <span class='ocr_line' id='line_1_9' title="bbox 151 1099 950 1176; baseline -0.004 -18"><span class='ocrx_word' id='word_1_55' title='bbox 151 1100 202 1158; x_wconf 84' lang='lat' dir='ltr'>Sin</span> <span class='ocrx_word' id='word_1_56' title='bbox 215 1101 264 1168; x_wconf 88' lang='lat' dir='ltr'>est,</span> <span class='ocrx_word' id='word_1_57' title='bbox 277 1101 355 1176; x_wconf 88' lang='lat' dir='ltr'>quod</span> <span class='ocrx_word' id='word_1_58' title='bbox 367 1110 478 1170; x_wconf 87' lang='lat' dir='ltr'>metuo;</span> <span class='ocrx_word' id='word_1_59' title='bbox 500 1118 551 1176; x_wconf 91' lang='lat' dir='ltr'>per</span> <span class='ocrx_word' id='word_1_60' title='bbox 561 1117 618 1168; x_wconf 84' lang='lat' dir='ltr'>me,</span> <span class='ocrx_word' id='word_1_61' title='bbox 638 1117 701 1156; x_wconf 84' lang='lat' dir='ltr'>mea</span> <span class='ocrx_word' id='word_1_62' title='bbox 714 1099 838 1166; x_wconf 81' lang='lat' dir='ltr'>alumna,</span> <span class='ocrx_word' id='word_1_63' title='bbox 852 1106 950 1156; x_wconf 61' lang='lat' dir='ltr'>tuumz</span> 
     </span>
    </p>
   </div>
   <div class='ocr_carea' id='block_1_4' title="bbox 150 1221 952 3234">
    <p class='ocr_par' dir='ltr' id='par_1_7' title="bbox 150 1221 952 3234">
     <span class='ocr_line' id='line_1_10' title="bbox 230 1221 287 1278; baseline 0 -18"><span class='ocrx_word' id='word_1_64' title='bbox 230 1221 287 1278; x_wconf 89' lang='lat' dir='ltr'>que</span> 
     </span>
     <span class='ocr_line' id='line_1_11' title="bbox 150 1303 944 1380; baseline -0.003 -18"><span class='ocrx_word' id='word_1_65' title='bbox 150 1305 310 1380; x_wconf 71' lang='lat' dir='ltr'>Expertum</span> <span class='ocrx_word' id='word_1_66' title='bbox 322 1303 421 1362; x_wconf 81' lang='lat' dir='ltr'>multis</span> <span class='ocrx_word' id='word_1_67' title='bbox 433 1305 542 1362; x_wconf 75' lang='lat' dir='ltr'>misereo</span> <span class='ocrx_word' id='word_1_68' title='bbox 555 1304 626 1362; x_wconf 89' lang='lat' dir='ltr'>mihi</span> <span class='ocrx_word' id='word_1_69' title='bbox 641 1306 724 1362; x_wconf 82' lang='lat' dir='ltr'>rebus</span> <span class='ocrx_word' id='word_1_70' title='bbox 736 1321 871 1372; x_wconf 81' lang='lat' dir='ltr'>amorem,</span> <span class='ocrx_word' id='word_1_71' title='bbox 940 1327 944 1335; x_wconf 65' lang='lat'><strong><em>¹</em></strong></span> 
     </span>
     <span class='ocr_line' id='line_1_12' title="bbox 152 1404 866 1483; baseline -0.004 -19"><span class='ocrx_word' id='word_1_72' title='bbox 152 1408 205 1464; x_wconf 88' lang='lat' dir='ltr'>Per</span> <span class='ocrx_word' id='word_1_73' title='bbox 217 1425 273 1476; x_wconf 90' lang='lat' dir='ltr'>me,</span> <span class='ocrx_word' id='word_1_74' title='bbox 294 1415 324 1464; x_wconf 91' lang='lat' dir='ltr'>et</span> <span class='ocrx_word' id='word_1_75' title='bbox 337 1407 411 1464; x_wconf 85' lang='lat' dir='ltr'>sacra</span> <span class='ocrx_word' id='word_1_76' title='bbox 423 1425 523 1482; x_wconf 86' lang='lat' dir='ltr'>precor</span> <span class='ocrx_word' id='word_1_77' title='bbox 534 1425 585 1483; x_wconf 89' lang='lat' dir='ltr'>per</span> <span class='ocrx_word' id='word_1_78' title='bbox 598 1406 718 1464; x_wconf 86' lang='lat' dir='ltr'>flumina</span> <span class='ocrx_word' id='word_1_79' title='bbox 732 1404 866 1480; x_wconf 85' lang='lat' dir='ltr'>Ilithyiae,</span> 
     </span>
     <span class='ocr_line' id='line_1_13' title="bbox 153 1507 917 1583; baseline 0 -19"><span class='ocrx_word' id='word_1_80' title='bbox 153 1509 201 1565; x_wconf 88' lang='lat' dir='ltr'>Ne</span> <span class='ocrx_word' id='word_1_81' title='bbox 214 1516 327 1565; x_wconf 85' lang='lat' dir='ltr'>tantum</span> <span class='ocrx_word' id='word_1_82' title='bbox 340 1508 371 1565; x_wconf 89' lang='lat' dir='ltr'>in</span> <span class='ocrx_word' id='word_1_83' title='bbox 385 1508 495 1566; x_wconf 84' lang='lat' dir='ltr'>facinus</span> <span class='ocrx_word' id='word_1_84' title='bbox 509 1518 568 1565; x_wconf 80' lang='lat' dir='ltr'>tam</span> <span class='ocrx_word' id='word_1_85' title='bbox 580 1507 662 1565; x_wconf 89' lang='lat' dir='ltr'>molli</span> <span class='ocrx_word' id='word_1_86' title='bbox 675 1515 772 1566; x_wconf 84' lang='lat' dir='ltr'>mente</span> <span class='ocrx_word' id='word_1_87' title='bbox 785 1507 917 1583; x_wconf 82' lang='lat' dir='ltr'>sequaris.</span> 
     </span>
     <span class='ocr_line' id='line_1_14' title="bbox 152 1609 945 1686; baseline -0.006 -16"><span class='ocrx_word' id='word_1_88' title='bbox 152 1610 185 1670; x_wconf 90' lang='lat' dir='ltr'>N</span> <span class='ocrx_word' id='word_1_89' title='bbox 185 1629 222 1666; x_wconf 92' lang='lat' dir='ltr'>on</span> <span class='ocrx_word' id='word_1_90' title='bbox 235 1629 290 1686; x_wconf 85' lang='lat' dir='ltr'>ego</span> <span class='ocrx_word' id='word_1_91' title='bbox 303 1619 332 1667; x_wconf 87' lang='lat' dir='ltr'>te</span> <span class='ocrx_word' id='word_1_92' title='bbox 344 1609 469 1686; x_wconf 83' lang='lat' dir='ltr'>incepto,</span> <span class='ocrx_word' id='word_1_93' title='bbox 488 1609 552 1667; x_wconf 88' lang='lat' dir='ltr'>fieri</span> <span class='ocrx_word' id='word_1_94' title='bbox 565 1610 642 1686; x_wconf 90' lang='lat' dir='ltr'>qnod</span> <span class='ocrx_word' id='word_1_95' title='bbox 654 1627 713 1667; x_wconf 92' lang='lat' dir='ltr'>non</span> <span class='ocrx_word' id='word_1_96' title='bbox 725 1618 801 1686; x_wconf 79' lang='lat' dir='ltr'>pote,</span> <span class='ocrx_word' id='word_1_97' title='bbox 821 1627 909 1666; x_wconf 89' lang='lat' dir='ltr'>conor</span> <span class='ocrx_word' id='word_1_98' title='bbox 938 1613 945 1660; x_wconf 84' lang='lat'>.&#39;</span> 
     </span>
     <span class='ocr_line' id='line_1_15' title="bbox 153 1713 950 1788; baseline -0.001 -18"><span class='ocrx_word' id='word_1_99' title='bbox 153 1713 393 1783; x_wconf 72' lang='lat' dir='ltr'>Flectere,.amore</span> <span class='ocrx_word' id='word_1_100' title='bbox 400 1738 409 1784; x_wconf 81' lang='lat'>3</span> <span class='ocrx_word' id='word_1_101' title='bbox 424 1731 517 1788; x_wconf 88' lang='lat' dir='ltr'>neque</span> <span class='ocrx_word' id='word_1_102' title='bbox 528 1714 642 1772; x_wconf 86' lang='lat' dir='ltr'>estcum</span> <span class='ocrx_word' id='word_1_103' title='bbox 651 1713 694 1770; x_wconf 88' lang='lat' dir='ltr'>dls</span> <span class='ocrx_word' id='word_1_104' title='bbox 704 1713 874 1770; x_wconf 86' lang='lat' dir='ltr'>contendere</span> <span class='ocrx_word' id='word_1_105' title='bbox 886 1715 950 1770; x_wconf 74' lang='lat' dir='ltr'>nos-¹</span> 
     </span>
     <span class='ocr_line' id='line_1_16' title="bbox 231 1823 322 1872; baseline 0 0"><span class='ocrx_word' id='word_1_106' title='bbox 231 1823 322 1872; x_wconf 89' lang='lat' dir='ltr'>trum:</span> 
     </span>
     <span class='ocr_line' id='line_1_17' title="bbox 152 1917 946 1996; baseline 0.004 -21"><span class='ocrx_word' id='word_1_107' title='bbox 152 1918 208 1976; x_wconf 82' lang='lat' dir='ltr'>Sed</span> <span class='ocrx_word' id='word_1_108' title='bbox 220 1917 307 1993; x_wconf 85' lang='lat' dir='ltr'>patris</span> <span class='ocrx_word' id='word_1_109' title='bbox 320 1918 457 1976; x_wconf 86' lang='lat' dir='ltr'>incolumi</span> <span class='ocrx_word' id='word_1_110' title='bbox 469 1919 564 1995; x_wconf 82' lang='lat' dir='ltr'>potius</span> <span class='ocrx_word' id='word_1_111' title='bbox 578 1927 607 1976; x_wconf 84' lang='lat' dir='ltr'>te</span> <span class='ocrx_word' id='word_1_112' title='bbox 619 1921 726 1977; x_wconf 85' lang='lat' dir='ltr'>nubere</span> <span class='ocrx_word' id='word_1_113' title='bbox 739 1937 838 1996; x_wconf 79' lang='lat' dir='ltr'>regno,</span> <span class='ocrx_word' id='word_1_114' title='bbox 941 1917 946 1926; x_wconf 85' lang='lat'>&#39;</span> 
     </span>
     <span class='ocr_line' id='line_1_18' title="bbox 153 2019 951 2096; baseline 0.003 -18"><span class='ocrx_word' id='word_1_115' title='bbox 153 2023 252 2095; x_wconf 86' lang='lat' dir='ltr'><strong>Atque</strong></span> <span class='ocrx_word' id='word_1_116' title='bbox 267 2019 376 2096; x_wconf 81' lang='lat' dir='ltr'>aliquos</span> <span class='ocrx_word' id='word_1_117' title='bbox 394 2031 491 2078; x_wconf 83' lang='lat' dir='ltr'>tamen</span> <span class='ocrx_word' id='word_1_118' title='bbox 508 2021 648 2080; x_wconf 66' lang='lat' dir='ltr'>allevetis</span> <span class='ocrx_word' id='word_1_119' title='bbox 667 2021 731 2089; x_wconf 91' lang='lat' dir='ltr'>tibi,</span> <span class='ocrx_word' id='word_1_120' title='bbox 753 2021 880 2090; x_wconf 73' lang='lat' dir='ltr'>domna,</span> <span class='ocrx_word' id='word_1_121' title='bbox 899 2023 951 2080; x_wconf 82' lang='lat' dir='ltr'>Pe·</span> 
     </span>
     <span class='ocr_line' id='line_1_19' title="bbox 150 2123 318 2182; baseline 0.024 -5"><span class='ocrx_word' id='word_1_122' title='bbox 150 2165 154 2177; x_wconf 86' lang='lat'>.</span> <span class='ocrx_word' id='word_1_123' title='bbox 211 2123 213 2128; x_wconf 81' lang='grc'>’</span> <span class='ocrx_word' id='word_1_124' title='bbox 230 2131 318 2182; x_wconf 81' lang='lat' dir='ltr'>nates.</span> 
     </span>
     <span class='ocr_line' id='line_1_20' title="bbox 153 2225 918 2304; baseline 0.003 -22"><span class='ocrx_word' id='word_1_125' title='bbox 153 2225 219 2282; x_wconf 91' lang='lat' dir='ltr'>Hoo</span> <span class='ocrx_word' id='word_1_126' title='bbox 230 2243 331 2294; x_wconf 90' lang='lat' dir='ltr'>unum,</span> <span class='ocrx_word' id='word_1_127' title='bbox 352 2225 440 2282; x_wconf 84' lang='lat' dir='ltr'>exilio</span> <span class='ocrx_word' id='word_1_128' title='bbox 452 2226 533 2284; x_wconf 72' lang='lat' dir='ltr'>docta</span> <span class='ocrx_word' id='word_1_129' title='bbox 545 2233 631 2304; x_wconf 82' lang='lat' dir='ltr'>atque</span> <span class='ocrx_word' id='word_1_130' title='bbox 641 2235 769 2302; x_wconf 83' lang='lat' dir='ltr'>experta,</span> <span class='ocrx_word' id='word_1_131' title='bbox 786 2228 918 2284; x_wconf 89' lang='lat' dir='ltr'>monebo.</span> 
     </span>
     <span class='ocr_line' id='line_1_21' title="bbox 151 2326 835 2404; baseline 0.004 -21"><span class='ocrx_word' id='word_1_132' title='bbox 151 2327 253 2400; x_wconf 75' lang='lat' dir='ltr'>Qnod,</span> <span class='ocrx_word' id='word_1_133' title='bbox 273 2326 365 2385; x_wconf 86' lang='lat' dir='ltr'>finon</span> <span class='ocrx_word' id='word_1_134' title='bbox 379 2327 434 2385; x_wconf 79' lang='lat' dir='ltr'>alit</span> <span class='ocrx_word' id='word_1_135' title='bbox 448 2327 552 2403; x_wconf 71' lang='lat' dir='ltr'>poteris</span> <span class='ocrx_word' id='word_1_136' title='bbox 563 2327 675 2386; x_wconf 78' lang='lat' dir='ltr'>tatione</span> <span class='ocrx_word' id='word_1_137' title='bbox 688 2337 835 2404; x_wconf 86' lang='lat' dir='ltr'>parentem</span> 
     </span>
     <span class='ocr_line' id='line_1_22' title="bbox 154 2428 951 2508; baseline 0.003 -22"><span class='ocrx_word' id='word_1_138' title='bbox 154 2429 291 2486; x_wconf 74' lang='lat' dir='ltr'>Flectere:</span> <span class='ocrx_word' id='word_1_139' title='bbox 309 2428 370 2504; x_wconf 88' lang='lat' dir='ltr'>(sed</span> <span class='ocrx_word' id='word_1_140' title='bbox 379 2429 497 2506; x_wconf 61' lang='lat' dir='ltr'>poterin</span> <span class='ocrx_word' id='word_1_141' title='bbox 509 2429 580 2505; x_wconf 87' lang='lat' dir='ltr'>quid</span> <span class='ocrx_word' id='word_1_142' title='bbox 588 2429 666 2487; x_wconf 89' lang='lat' dir='ltr'>enim</span> <span class='ocrx_word' id='word_1_143' title='bbox 677 2448 735 2487; x_wconf 91' lang='lat' dir='ltr'>non</span> <span class='ocrx_word' id='word_1_144' title='bbox 745 2429 951 2508; x_wconf 73' lang='lat' dir='ltr'>unicapollisll</span> 
     </span>
     <span class='ocr_line' id='line_1_23' title="bbox 153 2529 947 2608; baseline 0.004 -21"><span class='ocrx_word' id='word_1_145' title='bbox 153 2531 237 2587; x_wconf 90' lang='lat' dir='ltr'>Tunc</span> <span class='ocrx_word' id='word_1_146' title='bbox 250 2530 345 2606; x_wconf 73' lang='lat' dir='ltr'>potino</span> <span class='ocrx_word' id='word_1_147' title='bbox 357 2540 455 2590; x_wconf 79' lang='lat' dir='ltr'>tomen</span> <span class='ocrx_word' id='word_1_148' title='bbox 468 2531 537 2608; x_wconf 78' lang='lat' dir='ltr'>ipsa,</span> <span class='ocrx_word' id='word_1_149' title='bbox 558 2531 606 2608; x_wconf 91' lang='lat' dir='ltr'>pio</span> <span class='ocrx_word' id='word_1_150' title='bbox 619 2549 686 2590; x_wconf 89' lang='lat' dir='ltr'>cum</span> <span class='ocrx_word' id='word_1_151' title='bbox 694 2531 759 2608; x_wconf 90' lang='lat' dir='ltr'>jure</span> <span class='ocrx_word' id='word_1_152' title='bbox 771 2533 882 2602; x_wconf 84' lang='lat' dir='ltr'>licebit,</span> <span class='ocrx_word' id='word_1_153' title='bbox 946 2529 947 2534; x_wconf 64' lang='grc'>’</span> 
     </span>
     <span class='ocr_line' id='line_1_24' title="bbox 154 2632 922 2708; baseline 0.003 -18"><span class='ocrx_word' id='word_1_154' title='bbox 154 2634 231 2690; x_wconf 87' lang='lat' dir='ltr'>Cum</span> <span class='ocrx_word' id='word_1_155' title='bbox 243 2632 313 2693; x_wconf 66' lang='lat' dir='ltr'>faeti</span> <span class='ocrx_word' id='word_1_156' title='bbox 326 2633 458 2700; x_wconf 72' lang='lat' dir='ltr'>caussam,</span> <span class='ocrx_word' id='word_1_157' title='bbox 479 2643 648 2708; x_wconf 77' lang='lat' dir='ltr'>tempusque</span> <span class='ocrx_word' id='word_1_158' title='bbox 662 2633 775 2700; x_wconf 87' lang='lat' dir='ltr'>doloris,</span> <span class='ocrx_word' id='word_1_159' title='bbox 795 2635 922 2704; x_wconf 80' lang='lat' dir='ltr'>habebis,</span> 
     </span>
     <span class='ocr_line' id='line_1_25' title="bbox 152 2734 912 2812; baseline 0 -18"><span class='ocrx_word' id='word_1_160' title='bbox 152 2735 237 2794; x_wconf 87' lang='lat' dir='ltr'>Tunc</span> <span class='ocrx_word' id='word_1_161' title='bbox 250 2734 345 2812; x_wconf 82' lang='lat' dir='ltr'>potius</span> <span class='ocrx_word' id='word_1_162' title='bbox 358 2745 459 2792; x_wconf 84' lang='lat' dir='ltr'>conata</span> <span class='ocrx_word' id='word_1_163' title='bbox 473 2743 531 2802; x_wconf 81' lang='lat' dir='ltr'>tua,</span> <span class='ocrx_word' id='word_1_164' title='bbox 552 2744 638 2810; x_wconf 87' lang='lat' dir='ltr'>atque</span> <span class='ocrx_word' id='word_1_165' title='bbox 651 2735 774 2811; x_wconf 83' lang='lat' dir='ltr'>incepta,</span> <span class='ocrx_word' id='word_1_166' title='bbox 794 2736 912 2794; x_wconf 81' lang='lat' dir='ltr'>referto:</span> 
     </span>
     <span class='ocr_line' id='line_1_26' title="bbox 153 2815 952 2914; baseline 0.001 -18"><span class='ocrx_word' id='word_1_167' title='bbox 153 2838 272 2914; x_wconf 83' lang='lat' dir='ltr'>Meque,</span> <span class='ocrx_word' id='word_1_168' title='bbox 286 2815 408 2912; x_wconf 80' lang='lat' dir='ltr'>deosque</span> <span class='ocrx_word' id='word_1_169' title='bbox 419 2836 473 2894; x_wconf 85' lang='lat' dir='ltr'>tibi</span> <span class='ocrx_word' id='word_1_170' title='bbox 483 2837 611 2907; x_wconf 84' lang='lat' dir='ltr'>comites,</span> <span class='ocrx_word' id='word_1_171' title='bbox 625 2855 689 2894; x_wconf 85' lang='lat' dir='ltr'>mea</span> <span class='ocrx_word' id='word_1_172' title='bbox 702 2837 827 2906; x_wconf 80' lang='lat' dir='ltr'>alumna,</span> <span class='ocrx_word' id='word_1_173' title='bbox 841 2837 952 2897; x_wconf 74' lang='lat' dir='ltr'>futuros</span> 
     </span>
     <span class='ocr_line' id='line_1_27' title="bbox 153 2938 944 3016; baseline -0.001 -19"><span class='ocrx_word' id='word_1_174' title='bbox 153 2939 304 2998; x_wconf 87' lang='lat' dir='ltr'>Polliceor:</span> <span class='ocrx_word' id='word_1_175' title='bbox 328 2939 401 2996; x_wconf 88' lang='lat' dir='ltr'>nihil</span> <span class='ocrx_word' id='word_1_176' title='bbox 413 2938 462 3006; x_wconf 85' lang='lat' dir='ltr'>est,</span> <span class='ocrx_word' id='word_1_177' title='bbox 481 2939 558 3014; x_wconf 90' lang='lat' dir='ltr'>qnod</span> <span class='ocrx_word' id='word_1_178' title='bbox 572 2949 650 2996; x_wconf 83' lang='lat' dir='ltr'>texas</span> <span class='ocrx_word' id='word_1_179' title='bbox 662 2939 770 3007; x_wconf 88' lang='lat' dir='ltr'>ordine,</span> <span class='ocrx_word' id='word_1_180' title='bbox 790 2939 921 3016; x_wconf 82' lang='lat' dir='ltr'>longum.</span> <span class='ocrx_word' id='word_1_181' title='bbox 942 2973 944 2978; x_wconf 69' lang='lat'>,</span> 
     </span>
     <span class='ocr_line' id='line_1_28' title="bbox 192 3040 947 3100; baseline -0.007 -1"><span class='ocrx_word' id='word_1_182' title='bbox 192 3041 247 3099; x_wconf 83' lang='lat' dir='ltr'>His</span> <span class='ocrx_word' id='word_1_183' title='bbox 259 3043 311 3099; x_wconf 88' lang='lat' dir='ltr'>ubi</span> <span class='ocrx_word' id='word_1_184' title='bbox 325 3040 457 3098; x_wconf 82' lang='lat' dir='ltr'>sollicitos</span> <span class='ocrx_word' id='word_1_185' title='bbox 470 3040 560 3098; x_wconf 87' lang='lat' dir='ltr'>animi</span> <span class='ocrx_word' id='word_1_186' title='bbox 573 3040 745 3098; x_wconf 82' lang='lat' dir='ltr'>relevaverat</span> <span class='ocrx_word' id='word_1_187' title='bbox 757 3041 837 3100; x_wconf 84' lang='lat' dir='ltr'>aestus</span> <span class='ocrx_word' id='word_1_188' title='bbox 945 3089 947 3094; x_wconf 91' lang='lat'><em>.</em></span> 
     </span>
     <span class='ocr_line' id='line_1_29' title="bbox 152 3141 952 3234; baseline 0.003 -34"><span class='ocrx_word' id='word_1_189' title='bbox 152 3144 290 3212; x_wconf 83' lang='lat' dir='ltr'>Vocibus,</span> <span class='ocrx_word' id='word_1_190' title='bbox 310 3152 339 3200; x_wconf 87' lang='lat' dir='ltr'>et</span> <span class='ocrx_word' id='word_1_191' title='bbox 351 3143 457 3202; x_wconf 80' lang='lat' dir='ltr'>blandd</span> <span class='ocrx_word' id='word_1_192' title='bbox 470 3142 567 3218; x_wconf 71' lang='lat' dir='ltr'>peetus</span> <span class='ocrx_word' id='word_1_193' title='bbox 580 3141 627 3218; x_wconf 88' lang='lat' dir='ltr'>spe</span> <span class='ocrx_word' id='word_1_194' title='bbox 639 3141 747 3200; x_wconf 84' lang='lat' dir='ltr'>vicerat</span> <span class='ocrx_word' id='word_1_195' title='bbox 760 3161 868 3222; x_wconf 81' lang='lat' dir='ltr'>aegrnrn</span> <span class='ocrx_word' id='word_1_196' title='bbox 875 3167 885 3234; x_wconf 48' lang='grc' dir='ltr'><strong><em>ᾗ</em></strong></span> <span class='ocrx_word' id='word_1_197' title='bbox 950 3207 952 3214; x_wconf 23' lang='lat' dir='ltr'><em>s</em></span> 
     </span>
    </p>
   </div>
   <div class='ocr_carea' id='block_1_5' title="bbox 0 0 1125 3584">
    <p class='ocr_par' dir='ltr' id='par_1_8' title="bbox 0 0 1125 3584">
     <span class='ocr_line' id='line_1_30' title="bbox 0 0 1125 3584; baseline 0 0"><span class='ocrx_word' id='word_1_198' title='bbox 0 0 1125 3584; x_wconf 95' lang='lat' dir='ltr'> </span> 
     </span>
    </p>
   </div>
  </div>
 </body>
</html>
