2208 3574
128 226 157 272 N.
168 207 234 282 57⁶r
385 219 400 268 .'
429 206 527 264 LI'B.
566 204 623 263 III.
641 211 645 220 '
860 205 920 278 269

130 365 224 442 Erigit
235 359 602 437 erueras,·1iquefaeaque
613 359 678 418 saxa
691 358 742 418 sub
755 378 836 418 auras

130 471 209 528 Cum
220 465 331 544 gemitu
345 464 493 542 glomerat,
513 461 660 538 fundoque
673 462 807 520 exaestuat
818 464 887 522 imo.

131 572 218 630 Fama
229 569 278 639 est,
297 565 435 626 Enceladi
446 565 612 624 semiustum
623 565 746 652 sulmine
756 584 856 642 corpus
908 612 913 618 .

127 672 259 750 ,Urgueri
271 669 348 730 mole
359 670 423 736 hac,
441 669 646 746 ingentemque
659 667 774 744 iusuper
786 670 909 728 AEtnam

132 763 287 853 inpositam
298 773 389 852 ruptis
401 773 547 832 flammam
560 769 699 846 exspirare
713 772 846 844 caminis3

116 865 120 870 ¹
132 880 180 949 Et,
202 878 304 938 sessum
317 875 427 953 quoties
440 882 533 932 mutet
545 874 628 940 latus,
640 873 793 932 intremere
806 891 923 932 omnem

128 983 284 1048 Murmure
295 977 483 1046 Trinacriam,
497 986 527 1034 et
540 977 644 1034 ooelum
656 975 805 1036 subtexere
818 977 909 1036 sumo.

130 1085 258 1144 -Nodtem
270 1082 360 1150 illam,
380 1081 448 1138 terri
462 1079 544 1150 silvis,
564 1079 691 1138 inmania
704 1080 826 1138 monstra

133 1187 317 1256 Perserimus3
332 1199 394 1254 nec,
408 1180 607 1258 quae'sonirum
616 1183 665 1240 det
678 1183 922 1251 causa,.videmus=

134 1291 213 1348 Nam
221 1307 316 1364 neque
325 1295 404 1346 erant
412 1285 548 1344 astrorum
557 1284 646 1362 ignes,
654 1303 707 1342 nec
716 1285 827 1346 lucidus
836 1285 925 1344 acthrd

134 1392 248 1454 Siderea
260 1391 351 1468 polus,
371 1389 489 1448 obscuro
502 1388 551 1446 sed
564 1387 663 1446 nubila
676 1388 765 1459 coe103

129 1496 173 1553 rEt
185 1495 284 1552 lunam
295 1493 326 1551 in
340 1492 439 1550 nimbo
451 1511 508 1548 nox
521 1492 688 1567 intempesta
702 1493 828 1550 tenebat.
906 1499 909 1504 '

173 1597 282 1656 Postera
291 1595 409 1673 jamque
422 1594 481 1652 dies
493 1593 586 1670 primo
598 1592 731 1670 surgebat
743 1595 814 1672 Eoo,
910 1647 914 1652 .

136 1691 371 1774 Humentemque
384 1699 496 1756 Aurora
508 1697 575 1773 polo
591 1696 749 1754 dimoverat
761 1699 906 1768 umbram,

137 1805 239 1865 Quum
252 1802 346 1860 subito
358 1820 375 1858 e
388 1799 472 1868 filvis,
492 1797 582 1856 macie
595 1799 724 1868 consedia
737 1799 875 1876 supremi,
912 1805 917 1814 '

136 1905 235 1982 ignoti
249 1923 322 1962 nova
334 1904 427 1961 forma
439 1901 504 1969 viri,
523 1899 738 1976 miserandaque
751 1903 840 1970 cultu,

137 2007 277 2078 Procedit,
297 2007 473 2082 supplexque
485 2021 586 2062 manus
598 2005 635 2062 ad
646 2004 730 2062 litora
744 2005 844 2062 tendit
913 2009 917 2014 '

138 2109 322 2187 Respicimur.
361 2109 433 2166 Dira
445 2107 567 2175 illuvies,
585 2105 753 2182 inmissaque
766 2110 862 2178 barba,

138 2212 458 2288 Consertumtegumen
471 2209 570 2286 spinis,
595 2218 625 2266 at
637 2219 730 2268 cetera
742 2210 854 2279 Graius,
916 2229 919 2236 ⁴

138 2318 183 2374 Ut
196 2316 340 2392 quondam
352 2314 451 2391 patriis
463 2315 500 2371 ad
512 2311 628 2389 Trojam
641 2312 737 2370 misius
749 2313 780 2370 in
794 2313 888 2371 armis.
910 2321 913 2328 '

139 2421 233 2495 Isque,
252 2418 303 2476 ubi
315 2416 474 2476 Dardanios
486 2416 601 2474 habitus
613 2425 644 2474 et
655 2417 743 2474 Troia
756 2416 829 2476 vidit

98 2599 100 2606 Α
132 2524 232 2596 Arma
245 2521 353 2598 procul,
367 2519 496 2596 paullum
507 2517 637 2596 adspediu
651 2519 819 2577 conterritus
832 2519 921 2588 barrit}

140 2624 351 2700 Continuitque
365 2623 497 2698 gradum:
513 2641 582 2680 mox
595 2619 652 2680 sese
665 2623 701 2680 ad
714 2621 796 2680 litora
809 2639 934 2698 praecepa

141 2728 218 2784 Cum
230 2727 310 2796 fletu,
330 2725 525 2802 precibusque,
545 2724 624 2780 tulit:
657 2725 709 2782 Per
721 2725 809 2782 sidera
821 2726 916 2794 testor,

142 2831 195 2886 Per
207 2829 329 2906 superos,
350 2837 436 2904 atque
448 2828 503 2886 hoc
516 2827 582 2884 coeli
593 2827 726 2904 spirabile
738 2827 849 2898 lumen,

141 2932 249 2990 Tollite
260 2951 317 2999 me,
336 2931 456 2989 Teucri:
478 2948 670 3006 quascumque
683 2929 818 2988 abducite
831 2939 933 2988 terraer

142 3035 208 3092 Hoc
221 3034 264 3092 sat
276 3035 339 3092 erit.
381 3035 444 3094 Scio
457 3053 504 3092 me
516 3032 624 3092 Danais
637 3052 653 3090 e
667 3032 794 3091 classibus
806 3051 909 3106 unum,
998 3017 1000 3023 Α

143 3137 180 3194 Et
194 3137 384 3200 bellolliacor
396 3139 489 3198 fateor
500 3137 609 3216 petiisse
622 3138 748 3196 Penates.
