2236 3584
131 185 284 284 nov
406 217 735 291 cennereon,
865 229 970 282 ena.

171 378 318 436 Cresceret
327 373 499 436 inventrem
512 377 655 449 cucumim
669 395 723 434 nec
736 375 796 433 sera
808 385 971 436 comantem

171 478 343 546 Narcissum,
364 488 414 536 aut
427 479 496 536 flexi
511 463 656 543 tacuissem
668 477 765 536 vimen
779 477 904 548 acanthi,

170 579 363 656 Pallentisque
375 581 480 652 ederas,
501 586 532 638 et
544 581 666 640 amentis
678 581 763 638 litora
775 588 891 656 myrtos.

211 683 347 760 Namque
364 683 415 741 sub
427 683 555 742 OEbaliae
567 683 688 741 memini
701 703 748 740 me
760 683 885 740 turribus
898 675 973 753 altiS,

175 785 243 842 Qua
256 785 338 862 niger
350 785 496 843 humectat
508 785 642 842 flaventia
656 785 732 842 culte
746 783 880 854 Galaesus,

174 887 331 962 Corycium
343 887 442 944 vidiffe
455 886 561 955 senem,
580 886 628 944 cui
640 905 731 963 pauca
743 886 835 944 relidi

174 989 281 1066 Jugera
294 988 366 1046 ruris
378 997 473 1060 erant3
494 1007 548 1046 nec
560 987 662 1046 fertilis
674 988 724 1046 illa
733 987 873 1064 juvencis,

173 1091 239 1150 Nec
249 1091 345 1168 pecori
357 1099 515 1166 opportuna
526 1090 612 1166 seges,
625 1109 679 1148 nec
690 1091 839 1148 commoda
849 1091 969 1149 Baccho.

174 1195 234 1252 Hic
246 1213 341 1251 rarum
355 1201 451 1250 tamen
463 1193 494 1250 in
509 1193 603 1250 dumis
615 1193 686 1260 olus,
700 1193 820 1269 albaque
831 1193 939 1252 circum

174 1295 258 1363 Lilia,
271 1297 462 1369 verbenasque
474 1311 615 1370 premens,
627 1294 799 1370 vescumque
811 1315 942 1372 papaver,

174 1398 289 1474 Regum
302 1397 433 1472 aequabat
445 1415 511 1472 opes
527 1393 644 1468 animis5
666 1396 782 1472 serique
794 1409 939 1456 revertens
995 1401 1001 1408 '
1045 1404 1051 1412 '
1102 1381 1103 1430 i

173 1501 268 1559 Node
280 1501 399 1556 domurn
411 1499 531 1574 dapibus
543 1497 652 1556 mensas
665 1501 802 1558 onerabat
813 1499 939 1558 inemtis.

175 1602 285 1662 Primus
294 1621 359 1660 vere
370 1599 470 1669 rosam,
483 1609 569 1676 atque
579 1600 734 1658 audiumno
744 1619 858 1680 carpere
868 1623 952 1680 poma
958 1628 968 1676 3

175 1707 221 1776 Et,
243 1723 331 1780 quum
346 1703 430 1787 tristis
443 1703 536 1760 hiems
549 1703 709 1760 etiamnum
721 1703 828 1781 frigore
841 1705 907 1763 saxa

174 1809 340 1882 Rumperet,
360 1815 389 1862 et
403 1805 508 1880 glacies
521 1803 618 1862 cursus
631 1805 757 1862 frenaret
769 1813 916 1882 aquarum,

173 1909 228 1966 Ille
240 1887 353 1966 comam
365 1906 459 1964 mollis
468 1905 530 1982 jam
543 1906 685 1964 tondebat.
692 1907 852 1984 hyacinthi,

123 2085 126 2090 ἱ
174 2011 317 2070 AEstatem
328 2009 500 2084 increpitans
513 2006 604 2066 seram
616 2009 809 2086 zephyrosque
821 2011 968 2072 morantis.

173 2115 250 2189 Ergo
263 2111 363 2189 apibus
376 2111 443 2168 fetis
456 2110 543 2178 idem,
562 2118 648 2186 atque
661 2112 795 2170 examine
807 2115 910 2198 multu,

172 2217 284 2276 Primus
297 2215 450 2282 abundare,
470 2223 500 2270 et
511 2212 670 2290 spumantia
684 2234 785 2292 cogere
796 2218 891 2294 preffrs

174 2319 265 2393 Mella
279 2317 363 2376 favis:
385 2316 429 2374 illi
443 2316 521 2390 tiliae,
541 2326 628 2392 atque
640 2319 783 2378 uberrima
796 2321 897 2397 pinnsz

175 2423 313 2498 Quotque
325 2421 358 2478 in
370 2421 440 2480 flore
453 2438 527 2477 novo
540 2421 633 2496 pomis
644 2421 673 2478 se
686 2423 789 2482 fertilis
802 2427 883 2483 arboe

173 2526 318 2592 Induerat,
339 2524 460 2582 totidem
473 2523 627 2582 antiumno
639 2537 750 2584 matura
762 2530 886 2586 tenebat.

172 2629 227 2687 Hle
239 2627 327 2684 etiam
340 2627 412 2684 seras
425 2625 456 2684 in
469 2625 582 2684 versum
595 2627 704 2685 distulit
717 2630 819 2701 ulmos,

173 2733 355 2806 Eduramquc
368 2730 473 2807 pirum,
493 2738 524 2788 et
537 2729 631 2806 spinos
640 2729 701 2807 jam
713 2751 806 2808 pruna
819 2733 960 2806 ferentis,⁴

172 2837 294 2913 Jamque
301 2833 508 2892 ministrantem
515 2833 663 2910 platanum
672 2835 836 2910 potantibus
844 2840 968 2897 umbras.
1025 2811 1027 2820 Ι

171 2939 282 2996 Verum
294 2937 358 2994 haec-
368 2936 427 3013 ipse
439 2937 583 3012 equidem,
598 2935 695 3013 spatiis
706 2939 837 2998 exclusus
849 2941 967 3018 iniquis,

173 3043 321 3109 Praetereo,
332 3049 419 3116 atque
429 3039 492 3098 aliis
504 3039 565 3116 post
575 3037 622 3099 me
631 3045 815 3101 memoranda
826 3045 967 3122 relinquo.

210 3141 299 3202 Nunc
310 3154 372 3221 age,
392 3152 506 3204 naturas
519 3142 620 3222 apibus
631 3163 700 3220 quas
713 3145 844 3224 Juppiter
855 3149 916 3227 ipse
