2208 3574
417 168 462 216 IN
492 169 737 222 VIRGILIUM

181 307 324 370 Claudianus,
339 311 435 372 delaud.
448 312 498 358 Stil.
511 313 534 359 ii.
554 325 607 374 149.

310 433 316 445 .
331 430 338 444 .
355 433 361 446 .
379 431 386 446 .
401 430 409 444 -.
425 403 564 462 nequeenim
575 401 681 462 segieno
691 415 741 464 pete
750 401 848 448 cohortes

308 487 374 534 Tunc
384 487 447 544 ditas,
462 487 514 534 crim
526 489 597 536 ‘belia
608 487 726 536 fremunt!
819 503 821 508 ’
849 486 852 494 ’

180 574 279 624 Sidonius
291 576 433 640 Apollinaris,
443 592 512 624 cerm.
523 593 546 624 v·
562 593 607 625 ver.
616 576 675 624 262.
691 593 758 640 quem
769 579 792 624 in
803 577 893 625 transstu
902 593 989 624 emen·

178 661 285 711 dationem
294 663 408 723 dabimus:

310 784 506 802 .........
523 755 611 802 tandem
622 756 754 818 prorumpit,
769 766 791 802 et
801 769 870 813 arma,

309 847 318 873 ‘
324 843 397 888 Anna
407 840 482 888 fremit
489 844 505 898 ς’
523 842 648 906 pinguisque
660 840 786 890 etiaimnurn
796 839 898 902 sauguine
908 841 986 890 semer

308 929 385 977 lorica
393 949 400 987 ς
417 930 503 976 obtusus
513 945 550 992 prr
559 931 654 988 'barbaro
663 932 753 978 vulnera
762 941 849 986 contus,

307 1020 385 1080 Atque
395 1021 403 1048 ‘
412 1017 488 1064 hebet*
501 1017 584 1064 affiduis
595 1006 693 1066 dentatus
703 1017 796 1066 cedibus
806 1018 868 1065 enfis.

179 1106 223 1156 His
238 1107 325 1153 accedat
340 1107 425 1167 elegans
440 1104 502 1168 [1οὲ11
513 1107 599 1154 Marius
609 1107 696 1166 Viuor,
712 1107 736 1154 in
746 1109 805 1154 Gen.
816 1107 839 1153 ii.
849 1107 911 1166 '440.
930 1106 984 1154 looo

178 1195 341 1244 venustissimo:
795 1211 797 1216 ’
839 1211 842 1216 ·

212 1319 214 1324 .
308 1313 409 1330 .....
426 1281 556 1330 ‘fremeret'
566 1299 620 1330 cuns
630 1283 717 1330 verbere
728 1283 813 1330 ‘saevo'

305 1373 396 1428 Pontus,
411 1381 434 1418 et
443 1371 507 1418 illisas
516 1382 665 1418 contemneret
675 1387 724 1418 arce
738 1373 846 1436 procellns.

211 1462 290 1519 Georg.
299 1460 324 1506 ii.
344 1475 390 1506 ver.
400 1472 442 1518 41.
468 1459 539 1506 Probo
550 1460 645 1506 ‘volens‘
656 1459 806 1521 conjetturam
817 1474 900 1518 meam,
918 1460 978 1507 oiim

171 1551 205 1598 «ιδ
220 1551 295 1596 iocum
312 1549 451 1611 propofitam,
472 1550 519 1596 loco
535 1549 649 1607 ‘voians3’
665 1547 717 1595 tum
733 1549 789 1595 hanc
799 1549 915 1596 letiionem
925 1550 981 1612 sup-

178 1639 259 1704 peditet
268 1635 335 1685 etism
347 1638 422 1695 codex,
438 1637 570 1699 probentque
581 1637 681 1684 Reiikius
690 1647 712 1683 et
723 1639 872 1684 Burmannus.

206 1729 264 1774 'Ven
280 1725 332 1786 ¹3⁶·
358 1726 422 1772 Prior
432 1725 543 1780 Roissrius,
559 1725 593 1770 sed
604 1725 729 1783 mentitio,
744 1725 799 1771 vidit
811 1722 842 1772 itt
852 1725 926 1772 locum
936 1714 977 1772 eise

178 1815 362 1876 distinguendum.
394 1814 467 1860 Simili
477 1813 587 1860 venustate
598 1813 673 1871 Siiius‚
689 1815 735 1860 xiv.
753 1827 807 1874 237.

304 1907 356 1970 Qo
367 1917 430 1948 mons
441 1898 526 1948 Sicanii
537 1917 582 1948 non
592 1901 658 1961 surgit
669 1901 751 1948 ‘ditior
760 1901 861 1948 umbra.¹

178 1991 269 2049 Statius,
285 1990 355 2038 Theb.
367 1990 397 2036 xii
415 1987 470 2036 620.

307 2078 403 2124 ‘Dives'
414 2087 436 2124 et
446 2077 535 2137 Egaieos
545 2077 694 2124 ‘nemorum'

177 2168 287 2218 Manilius
296 2165 370 2213 mrtem
381 2167 499 2212 Maronem
510 2165 609 2212 nostrum
618 2161 689 2226 aperte
703 2164 803 2212 imitatus
817 2166 856 2225 est,
873 2169 905 2213 iv.
919 2179 932 2225 7
936 2179 974 2227 54.

305 2255 335 2302 Et
345 2255 422 2301 molles
432 2253 526 2310 Arabas,
542 2253 660 2300 ‘filvarum
671 2253 738 2299 ditia‘
751 2269 824 2314 regua.

208 2345 262 2392 Ver.
280 2356 332 2402 144.
358 2343 444 2390 ‘Lato'
477 2341 542 2388 Hanc
557 2342 732 2390 emendationem
747 2343 802 2388 olim
823 2344 972 2406 proposuimus

176 2435 202 2482 sd
213 2435 297 2489 locum,
312 2441 334 2478 et
349 2431 487 2478 firmavimus
501 2431 615 2491 exemplis.
645 2430 715 2476 Nobis
725 2430 810 2477 videtur
827 2431 850 2478 in
860 2433 972 2480 verissimis

176 2522 281 2569 habenda.
315 2521 350 2566 Sic
359 2519 429 2565 noster
438 2518 494 2565 AEn.
507 2517 523 2564 i.
541 2531 597 2578 τις,

304 2609 428 2669 Litoraque,
443 2617 465 2653 er
475 2607 547 2652 ‘latos
557 2605 647 2667 populos
655 2605 672 2652 τ’

175 2715 243 2764 quarn
253 2698 386 2746 locutionem
397 2695 424 2742 ab
432 2694 503 2742 Ennio
513 2703 629 2741 mutuatus
638 2695 676 2740 eit.
701 2687 781 2756 Neque
791 2695 859 2742 obstat
870 2696 925 2744 AEn.
936 2697 967 2746 iii.

177 2802 232 2836 220.

303 2879 312 2906 ⁴
319 2873 390 2922 Laeta'
402 2873 469 2918 boum
480 2874 488 2900 ⁴
495 2869 583 2932 paffim'
594 2871 677 2932 campis
689 2873 817 2920 ‘armenta'
829 2873 942 2932 videmus;

175 2966 204 3012 ob
213 2979 290 3011 uocem
302 2962 407 3024 ‘possim¹
440 2960 542 3018 Ovidius,
557 2959 614 3006 Fan.
624 2959 642 3004 i.
663 2957 715 3021 54⁶·

304 3078 627 3097 ..............
642 3056 749 3106 vagantur

304 3137 442 3185 incustodito:
453 3136 525 3182 ‘lata'
537 3149 575 3198 per
585 3149 637 3182 arva
647 3135 749 3183 ‘bovess’
