2236 3584
144 229 235 282 aar.
408 179 626 286 1n1o.1.
775 207 778 214 ’
883 225 940 290 187.

146 377 243 444 Illum,
264 375 454 454 exspirantem
468 375 607 442 transfixo¹
616 375 728 451 pedore
741 375 879 444 flammas,

145 479 276 536 Turbine
288 480 441 555 couripust,
460 478 631 554 scopuloque
644 477 741 536 infixit
753 485 846 534 acuto.

145 581 199 640 Ast
211 598 273 664 ego,
294 601 358 657 quae
370 581 467 640 divom
480 581 581 640 incedo
593 579 702 656 regina,
714 579 850 657 Jovisque

146 683 185 740 Et
198 682 274 739 soror
285 694 315 740 et
328 681 462 758 conjunx,
482 683 540 740 uni
553 702 620 740 curn
633 691 719 758 gente
733 690 776 740 tot
789 700 876 739 annos

146 785 224 842 Bella
239 804 315 862 gero.
356 787 393 842 Et
406 785 559 862 quisquam.
569 804 676 843 numen
690 785 810 860 Junonis
822 785 919 844 adoret

147 887 293 955 Praeterea‚
314 897 363 944 aut
375 887 494 964 supplex
507 889 561 944 aris
573 887 692 963 inponat
705 887 858 946 honorem?

185 990 268 1046 Talia
281 990 428 1048 flammato
441 989 536 1048 secum
549 986 611 1046 Dea
624 990 708 1048 corde
720 989 860 1058 volutans,
955 1055 959 1065 Ι

147 1091 322 1149 Nimborum
333 1091 364 1150 in
377 1091 506 1167 patriam,
517 1093 578 1150 loca
589 1092 647 1150 seta
659 1091 820 1148 furentibus
833 1091 949 1161 austris,'

147 1193 276 1250 AEoliam
289 1194 379 1252 venit.
418 1194 477 1252 Hic
489 1193 564 1252 vatio
577 1213 627 1250 rex
640 1194 744 1251 AEolus
756 1204 838 1252 antro

147 1295 295 1354 Ludlantis
306 1305 406 1354 ventos
419 1297 652 1372 tempestatesque
664 1295 776 1365 sonoras

146 1399 271 1475 imperio
281 1400 395 1476 premit,
415 1419 448 1458 ac
462 1399 561 1458 vinclis
573 1410 603 1458 et
614 1419 725 1458 carcere
737 1394 839 1458 frenat.
943 1453 949 1460 .

147 1501 196 1559 Illi
207 1501 387 1578 indignantes
400 1522 505 1579 magno
518 1522 585 1561 cnm
597 1521 743 1560 murmure
755 1503 860 1560 montis
903 1543 907 1550 ·

148 1604 266 1662 Circum
279 1605 395 1663 claustra
408 1606 548 1663 fremunt:
575 1605 648 1662 celsa
660 1605 738 1662 sedet
750 1605 854 1664 AEolus
866 1623 938 1674 arce,

98 1703 102 1710 ’
148 1708 262 1783 Sceptra
273 1717 385 1779 tenens;
401 1708 549 1784 mollitque
557 1707 675 1776 animos,
684 1715 713 1764 et
724 1715 863 1784 temperat
874 1707 947 1773 iras.¹

147 1809 190 1867 Ni
203 1810 297 1879 faciat,
318 1810 405 1867 maria
419 1829 452 1868 ac
466 1819 551 1868 terras
565 1809 727 1886 coelumque
738 1809 913 1886 profundum

149 1911 266 1988 Quippe
280 1913 373 1970 ferant
386 1913 477 1988 rapidi
490 1912 595 1980 secum,
608 1922 778 1987 verrantque
788 1931 838 1988 per
848 1930 938 1972 auras.

149 2014 203 2070 Sed
215 2025 295 2091 pater
306 2015 485 2091 omnipotens
498 2013 636 2090 speluncis
650 2014 761 2072 abdidit
774 2013 851 2082 atris,

147 2117 213 2172 Hoc
225 2125 370 2188 metuens,
391 2117 553 2192 molemque
566 2126 595 2174 et
607 2116 713 2174 montis
730 2115 846 2192 insuper
858 2116 929 2174 altos

148 2218 285 2294 Inposuit,
305 2237 460 2295 regemque
472 2220 560 2287 dedit,
581 2219 631 2295 qui
644 2219 749 2278 foedere
763 2230 841 2277 certo

148 2322 186 2379 Et
199 2340 335 2397 premere,
353 2330 386 2388 ,et
398 2321 476 2384 laxas
490 2321 572 2379 sciret
590 2323 656 2380 dare
665 2321 754 2398 jussus
767 2323 900 2381 habenas.

148 2423 197 2481 Ad
211 2443 296 2498 quem
311 2433 374 2480 turn
387 2421 464 2501 Juno
477 2407 596 2500 supplens
609 2424 653 2480 his
665 2425 782 2483 vocibus
794 2425 844 2482 usa
857 2425 909 2482 est:

186 2526 284 2594 AEole,
304 2544 427 2602 namque
449 2526 503 2584 tibi
520 2526 617 2584 divom
635 2522 722 2602 pater,
743 2537 829 2602 atque
847 2526 941 2584 homi⁴

265 2645 413 2698 nnmrex,¹
937 2612 940 2620 ¹

149 2731 187 2788 Et
199 2731 323 2788 mulcere
336 2731 415 2788 dedit
428 2731 531 2788 liutius
544 2738 573 2788 et
587 2731 686 2788 tollere
699 2740 797 2802 vento;

149 2833 236 2902 Gens,
256 2832 374 2890 inimica
387 2831 469 2902 mihi,
489 2833 673 2909 Tyrrhenum
686 2833 801 2908 navigat
815 2851 931 2908 aequor,
982 2815 985 2824 Ι

149 2913 238 2992 llinffl
250 2933 281 2991 in
295 2935 409 2992 Italiam
421 2943 544 3011 portans,
564 2935 708 3010 victosque
722 2937 854 2993 Penates:

148 3037 251 3095 Incute
263 3037 325 3092 vim·
333 3037 434 3104 ventis,
453 3036 664 3111 submersasque
676 3037 764 3094 obrue
777 3055 900 3114 puppem
916 3099 918 3102 ,

149 3139 279 3215 Autage
292 3137 422 3210 diuersos,
443 3146 472 3196 et
486 3137 583 3214 disjice
599 3157 712 3215 corpora
727 3149 824 3216 ponto.
