2236 3584
162 233 228 286 ute
403 219 731 292 GEORGICON,
858 227 965 282 mdi.
1061 220 1065 234 ’

151 387 153 392 ’
170 377 301 458 Clioque,
321 387 352 438 et
364 381 453 438 Beroe
464 379 549 448 soror,
569 365 753 438 Oceanitides
766 378 867 446 embae,

169 486 275 544 Ambae
288 503 370 554 auro,
389 483 473 560 pictis
485 483 617 541 ineinsiae
629 482 751 559 pellibus
764 483 856 540 ambae
863 505 872 551 ς

169 589 270 666 Atque
282 586 406 665 Ephyre,
426 595 512 661 atque
523 585 605 662 Opis,
614 593 654 643 ‘et
666 585 734 644 Asta
747 585 874 660 Deiopea
879 599 894 655 ,ς
948 574 968 598 '¹

170 693 208 766 Et
222 692 338 761 taudem
350 691 447 767 pofitia
460 690 543 752 velox
556 688 699 747 Arethusa
711 687 830 764 sagittis,

170 797 250 868 Inter
262 809 332 870 quas
345 812 442 852 curam
456 793 596 869 Clymene
609 794 742 864 narrabat
752 791 870 865 inanem

168 898 300 966 Volcani,
320 895 480 972 Martisque
493 896 572 954 dolos
584 904 615 954 et
627 895 722 953 dulcia
734 895 827 970 furta,

166 1001 255 1077 ¹Aque
268 1001 350 1060 Chao
363 1000 462 1060 densos
475 1000 570 1066 divom
584 1001 755 1061 numerabat
767 1015 885 1072 amores,

169 1103 305 1162 Carmine
318 1123 375 1180 quo
388 1113 478 1180 captae
489 1104 559 1162 dum
571 1103 639 1160 fufis
651 1102 748 1160 mollia
761 1101 847 1178 pensa

168 1207 342 1277 Devolvunt,
363 1208 469 1265 iterum
481 1215 622 1264 maternas
634 1205 741 1283 inpulit
752 1203 828 1272 auris
876 1273 878 1277 ,

165 1311 276 1368 Luctus
289 1310 410 1378 Aristaei,
424 1309 578 1386 vitreisque
591 1309 725 1382 sedilibus
735 1327 834 1370 omnes

167 1413 345 1489 Obstupuere
349 1438 358 1490 3
380 1413 508 1471 sedante
520 1413 589 1486 alias
602 1412 745 1500 Arethusa
758 1411 863 1472 sorores

167 1515 354 1594 i’rospiciens,
373 1516 484 1584 summi
497 1517 607 1576 flavum
620 1503 706 1592 caput
716 1515 824 1596 extulit
835 1514 928 1590 unda:

166 1619 206 1688 Et
217 1620 325 1696 procui,
345 1619 374 1678 O
386 1619 498 1696 gemitu
509 1630 568 1696 nnn
580 1619 682 1677 frustra
694 1618 830 1697 exterrita
843 1628 931 1702 tanto,

167 1722 280 1798 Cyrene
293 1721 383 1780 soror!
405 1722 466 1799 ipsc
478 1722 541 1791 tibi,
562 1732 612 1784 tua
625 1722 751 1791 maxima
763 1741 841 1800 cura,

166 1824 266 1882 Tristis
280 1825 416 1892 Aristaeus
431 1828 518 1889 Penei
529 1825 616 1903 patris
629 1825 786 1899 adundant

166 1929 228 1986 Stat
240 1921 399 2000 lacrimans,
420 1938 450 1986 et
462 1938 490 1986 te
503 1929 647 1995 crudelem
661 1929 778 1986 nomine
791 1929 870 1989 dicit.

164 2031 254 2102 Huic,
273 2033 399 2113 percussa
412 2033 486 2111 novi
499 2043 627 2090 mentem
639 2031 804 2104 formidine,
824 2043 925 2112 mater,

165 2135 241 2205 Duc,
261 2154 323 2212 age,
343 2137 398 2192 duc
411 2137 447 2193 ad
460 2155 523 2196 nos:
546 2137 589 2194 fas
602 2136 646 2210 ini
658 2136 760 2206 limina
772 2135 871 2194 divom

164 2237 307 2314 Tangere,
327 2237 381 2303 ait:
404 2237 487 2315 simul
500 2237 556 2298 alta
566 2236 649 2314 jubet
662 2239 803 2315 discedere
816 2239 874 2296 late

164 2339 306 2409 Flumina,
327 2339 383 2416 qud
392 2339 505 2422 juvenis
518 2341 624 2417 greffus
636 2341 770 2410 inferret:
792 2351 822 2400 at
833 2341 928 2422 illum,

165 2444 291 2502 Curvata
303 2442 335 2501 in
348 2443 453 2511 montis
466 2443 580 2514 faciem,
601 2444 786 2523 circumstetit
799 2445 885 2514 unda,

163 2545 348 2623 Adcepitque
361 2546 423 2614 sinu
435 2546 521 2616 vasto,
541 2547 675 2624 misitque
688 2547 740 2616 snb
754 2566 877 2606 amnem.

163 2651 411 2734 Jamquedomum
419 2627 525 2712 mirans
533 2650 855 2726 genetricis,ethumida
864 2669 961 2730 regnq,

163 2752 369 2832 §peluncisque
381 2753 458 2816 lacus
471 2753 588 2823 clausos,
609 2755 744 2829 lucosque
755 2752 890 2823 sonantis,

80 2855 83 2870 '
163 2857 242 2937 ibat3
264 2865 302 2924 et,
322 2841 436 2932 ingenti
448 2868 532 2915 motu
545 2857 715 2934 stupefactus
729 2875 879 2936 aquarum,¹

163 2958 272 3016 Omnia
285 2959 337 3018 sub
350 2961 456 3036 magne
468 2961 593 3018 labentia
606 2961 725 3018 flumina
739 2961 815 3018 terrd

163 3061 320 3136 Spectabat,
340 3063 448 3122 diversa
462 3065 547 3135 locis3
570 3064 747 3139 Phasimque,
762 3065 942 3140 Lycumque,

162 3163 201 3220 Et
213 3175 308 3248 caput,
328 3167 405 3224 unde
417 3167 492 3226 altus
503 3168 631 3246 primum
643 3167 672 3226 se
680 3166 812 3244 erumpit
822 3167 957 3244 Enipeur,
