2194 3584
25 275 27 300 r
110 235 211 300 Md.-
306 230 670 292 ¹ECLOGAIII.
891 235 913 300 9

425 407 598 447 ununncns.
821 460 824 472 Χ

112 487 200 546 Quid
212 489 323 548 domini
336 489 453 559 faciant,
473 492 579 550 audent
591 509 682 566 quum
694 488 762 548 ulia
775 483 863 546 fures!

111 590 187 648 Non
200 609 254 667 ego
267 603 296 650 te
309 592 370 650 vidi
382 592 530 660 Damonis,
549 593 671 669 peffime‚
690 609 808 668 caprum

112 691 256 769 Excipere
269 693 387 763 infidiis,
407 694 531 752 multum
543 694 664 751 latrante
677 691 812 768 Lycisci?

112 795 165 863 Et,
185 814 276 871 quum
289 797 450 864 clamarem,
472 796 540 853 Ouo
554 814 631 872 nunc
643 793 671 851 se
683 793 804 870 proripit
816 793 879 850 ille?

112 897 229 974 Tityre,
249 915 320 973 coge
332 916 432 973 pecus;
455 907 487 954 tu
499 897 560 973 post
572 896 681 954 careda
693 896 808 953 latebas.
821 893 823 900 '

113 1071 117 1080 ¹
413 1041 419 1052 .
435 1018 601 1056 uincens.

114 1102 167 1159 An
181 1101 256 1159 mihi
268 1103 410 1159 cantando
423 1101 513 1160 vietus
527 1121 585 1158 non
597 1104 725 1160 redderet
737 1102 795 1170 ille,
820 1121 823 1126 ·

116 1205 219 1261 Quem
231 1221 297 1262 mea
308 1203 481 1260 carminibus
494 1203 642 1262 meruiffet¹
650 1203 751 1272 fistula,
771 1208 904 1280 caprum?

25 1295 27 1312 '
117 1305 148 1362 Si
162 1305 262 1373 nescim
282 1323 362 1362 meus
374 1305 425 1362 ille
437 1324 520 1380 caper
532 1305 589 1362 fuit
595 1330 604 1376 3
626 1314 655 1362 et
668 1305 742 1363 mihi
754 1306 868 1366 Damon

116 1408 182 1484 Ipse
196 1407 338 1466 fatebatur
345 1431 354 1478 ς
375 1407 423 1464 sed
435 1407 549 1480 reddere
561 1407 639 1483 posse
651 1409 783 1483 negabat.

277 1496 282 1504 ’
412 1527 601 1566 ‚nnunncne

118 1613 273 1673 Cantando
286 1620 317 1668 tu
331 1611 432 1668 illum?
453 1618 503 1668 aut
515 1630 652 1686 umquam
665 1611 719 1668 tibi
732 1611 824 1669 fistula
838 1613 901 1670 ceri

117 1715 225 1791 Jundia
238 1713 311 1771 fuit?
332 1713 402 1770 Non
415 1713 490 1769 tuin
503 1713 602 1781 triviis,
615 1713 738 1782 indodie,
747 1714 852 1773 solebas
905 1783 906 1786 Ἴ

119 1815 256 1873 stridenti
269 1814 404 1872 misemm
417 1814 517 1892 stipula
530 1814 687 1890 disperdere
699 1819 830 1874 carmen?

439 1935 603 1974 nnnmrns.

120 2020 175 2077 Vis
187 2037 263 2095 ergo,
277 2019 352 2076 inter
364 2037 423 2086 nos,
436 2017 505 2092 quid
515 2017 596 2094 poffit
609 2027 736 2094 uterque,
749 2011 870 2078 vieiffim

121 2122 326 2198 Experiamur?
361 2121 422 2196 Ego
432 2120 506 2176 hanc
519 2119 639 2178 vitulam
654 2124 703 2196 (ne
715 2123 788 2180 forte
800 2125 916 2194 recuses,
977 2164 979 2168 .

122 2225 172 2282 Bis
185 2224 263 2282 vonit
276 2223 313 2279 ad
324 2221 483 2290 moleiram,
496 2221 577 2280 binos
590 2223 641 2280 alit
653 2225 738 2281 ubere
751 2224 838 2300 fetus)

122 2327 258 2402 Deponor
280 2335 312 2382 tu
325 2324 380 2392 dic,
394 2343 508 2382 mecum
521 2343 578 2399 quo
589 2323 708 2401 pignore
720 2338 817 2385 certes.

436 2445 608 2484 ununncns.

123 2533 171 2590 De
183 2549 269 2607 grege
282 2547 340 2586 non
354 2527 612 2603 cufim-quidquam
624 2529 764 2606 deponere
776 2541 888 2590 tecum:

126 2635 173 2692 Est
185 2633 259 2691 mihi
272 2650 395 2706 namque
408 2629 485 2687 domi
497 2637 585 2705 pater,
603 2631 643 2687 est
655 2629 756 2708 injusta
769 2653 907 2705 noverca3
956 2626 957 2630 ¹

126 2737 229 2811 Bisque
240 2735 287 2792 die
299 2741 451 2792 numerant
463 2734 548 2789 ambo
559 2751 654 2807 pecus,
669 2734 740 2792 alter
752 2745 782 2792 et
794 2735 898 2794 haedos.

126 2839 234 2901 Verum
247 2837 286 2902 id,
299 2835 376 2910 quod
387 2833 478 2891 multo
493 2841 553 2892 tute
566 2833 624 2911 ipse
636 2834 761 2892 fatebere
774 2835 873 2914 majus,

130 2939 269 3015 (Insanire
281 2935 501 3018 libet'quoniam
515 2935 581 3008 tibi)
597 2937 697 3012 pocula
710 2931 815 3013 ponam

129 3041 243 3118 Fagina,
256 3039 388 3098 coelatum
402 3036 493 3096 divini
506 3057 575 3113 opos
588 3039 809 3102 Alcimedontis:
