2194 3584
167 250 206 328 rt
320 251 726 336 lenonem-on,
848 259 955 322 uaso.

164 405 275 472 ,Oscilla
288 425 324 464 ex
337 406 397 464 atta·
406 406 580 486 suspendunt
592 409 690 468 mollia
703 408 786 484 pinu·
840 414 844 422 '

167 510 246 576 Hinc
258 510 350 568 omnis
363 510 442 587 largo
455 512 584 588 pubescit
595 513 679 570 vinca
691 511 753 569 fetu
759 535 769 581 3

167 613 347 688 Conplentnr
358 613 501 690 vallesque
513 633 589 672 cavae
602 613 743 689 saltusque
755 609 900 688 profundi,

168 717 205 773 Et
215 727 397 790 quocumque
410 717 478 774 deus
491 715 600 773 circum
613 725 699 792 caput
712 713 773 790 egit
786 713 945 770 honestum.

167 819 243 894 Ergo
256 817 310 876 n'te
324 819 406 878 suum
419 819 530 877 Baccho
543 819 669 876 dicemus
681 818 818 878 honorem

155 919 351 982 ,Carminibus
363 920 472 996 patriis,
491 920 641 995 lancesque
655 931 686 976 et
698 919 756 977 liba
768 919 891 976 feremus
896 943 904 988 ;

168 1023 206 1078 Et
218 1021 317 1078 dusius
331 1039 419 1078 comu
432 1021 515 1078 nabit
527 1021 603 1079 sacer
616 1021 709 1078 hircus
721 1021 756 1078 ad
769 1039 856 1088 aram,

168 1121 344 1198 Pinguiaque
357 1122 388 1180 in
401 1122 513 1182 veribus
529 1123 698 1182 torrebimus
711 1132 777 1180 exta
791 1121 924 1178 columis

206 1225 253 1282 Est
265 1225 352 1282 etiam
364 1225 414 1284 ille
426 1226 506 1284 labor
518 1225 649 1282 curandis
662 1224 767 1286 vitibus
780 1224 861 1292 alter,
947 1279 949 1283 s

168 1327 225 1384 Cui
247 1345 404 1402 numquam
424 1327 551 1384 exhausti
571 1303 709 1404 sati-sest:
732 1344 856 1400 namque
874 1343 958 1385 omne

163 1463 179 1495 r
244 1430 409 1506 quotannis

161 1533 281 1608 -2Terque
302 1541 459 1607 quaterque
482 1531 573 1590 solum
596 1531 792 1601 scindendum,
819 1530 958 1605 glebaque

193 1685 198 1703 ,
244 1633 327 1690 verfis

167 1737 323 1794 AEternum
335 1735 492 1810 frangenda
504 1735 668 1792 bidentibus
674 1760 682 1804 3
703 1753 789 1791 omne
806 1733 959 1792 levandum
1068 1741 1070 1745 '

91 1833 93 1840 ’
167 1835 276 1903 Fronde
284 1854 396 1892 nemus:
409 1835 483 1892 redit
491 1836 620 1912 agricolis
632 1835 712 1894 labor
721 1836 798 1892 astus
808 1834 839 1890 in
850 1835 959 1902 orbem,'
1007 1846 1009 1849 ’

73 2004 76 2010 y
166 1939 266 2014 Atque
278 1937 310 2000 in
323 1937 352 1994 se
365 1937 413 1994 sua
425 1955 477 2013 per
489 1935 605 2012 vestigia
618 1937 742 2021 volvitur
755 1955 855 1994 annus.
945 1997 948 2000 ,

167 2035 282 2113 cham
295 2037 374 2106 olim,
395 2037 466 2094 seras
479 2037 574 2114 posuit
587 2057 677 2113 quum
690 2037 773 2118 vinea
786 2037 904 2104 frondiS,
956 2083 959 2098 .

167 2137 297 2214 Frigidus
308 2148 339 2196 et
353 2138 426 2196 salvis
438 2139 547 2214 Aquilo
560 2139 678 2198 decussit
690 2139 841 2209 honorem3
944 2162 946 2174 ¹

166 2242 232 2316 Jam
245 2248 308 2296 tum
320 2258 384 2297 acer
396 2258 476 2297 curas
488 2241 651 2298 venientem
665 2241 796 2298 extendit
808 2241 839 2298 in
851 2257 959 2298 annum

167 2340 305 2410 Rusticus,
325 2349 355 2397 et
367 2359 453 2398 curvo
466 2341 579 2399 Saturni
588 2343 678 2399 ¹dente
691 2341 817 2400 relidam

167 2441 346 2517 Persequitur
357 2441 448 2500 vitem
461 2444 627 2510 a'dtondens,
647 2443 790 2520 tingitque
802 2443 947 2526 putando.-

168 2543 277 2610 Primus
290 2543 412 2600 humum
424 2543 530 2614 fodito,
550 2545 658 2620 primus
672 2546 789 2602 devecta
802 2553 927 2602 cremato

167 2647 323 2718 Sarmenta,
344 2654 373 2702 et
385 2630 473 2703 vail'os
486 2645 592 2722 primus
606 2646 657 2703 sub
670 2647 745 2704 testa
757 2647 875 2716 resert03

168 2746 323 2812 Postremus
336 2749 453 2804 metito:
475 2747 518 2804 bis
531 2747 637 2805 vitibus
649 2747 760 2824 ingruit
772 2749 888 2818 umbra3
943 2807 947 2812 ,

168 2848 215 2905 Bis
228 2848 354 2925 segetem
367 2849 457 2912 densis
469 2850 617 2906 obducunt
629 2849 754 2910 sentibus
767 2849 870 2912 herbae.

168 2951 264 3008 Durus
275 2937 395 3025 uterque
407 2951 494 3008 labor.
536 2951 664 3012 Laudato
677 2951 806 3028 ingentia
817 2969 897 3008 rura:

168 3052 312 3128 Exiguum
326 3052 423 3110 colito.
463 3053 527 3110 Nec
540 3071 599 3111 non
609 3053 699 3112 etiarn
712 3052 807 3138 aspera
820 3051 894 3111 rusci
944 3095 946 3100 .

168 3153 348 3242 Viminaper
361 3154 468 3227 silvam,
488 3166 517 3213 et
531 3153 599 3238 ripis
611 3154 734 3218 fluvialis
747 3155 866 3228 arundo
