2208 3574
154 220 212 276 aaa
415 212 693 282 rnnmnos,
865 215 955 289 μγ.

154 366 267 430 Moenia
279 365 371 444 prima
384 367 457 438 loco,
478 369 545 427 fatis
557 368 697 446 ingrersus
708 365 831 442 iniquis;

155 470 358 546 AEneadasque
372 488 437 528 meo
451 489 556 550 nornen
570 468 736 529 denomino
749 468 837 546 fingo.

194 573 277 630 Sacra
290 570 419 630 Dionaeae
435 572 522 630 matri
535 571 667 650 divisque
680 571 817 638 ferebam,

156 675 330 752 Aulpicibus
347 684 506 752 coeptorum
527 694 661 752 operum3
682 675 840 751 superoque
860 672 957 732 niten-

235 787 298 836 iem

157 880 330 940 Coelicolum
343 880 405 957 regi
418 880 577 940 madabam
589 878 620 938 in
634 880 718 936 litore
731 887 855 938 taurum.

157 983 243 1040 Forte
255 981 313 1040 fuit
321 980 405 1058 juxta
419 981 557 1050 tumulus,
577 1001 635 1058 quo
648 1000 750 1040 cornea
764 981 875 1038 summo

157 1083 302 1160 Virgolta,
321 1093 351 1141 et
364 1083 455 1142 deufis
466 1081 613 1142 hastilibus
625 1082 739 1140 horrida
752 1092 876 1159 myrtus:

158 1186 273 1244 Adceffi
279 1211 289 1256 3
310 1183 488 1260 viridemque
501 1187 538 1242 ab
552 1185 642 1243 humo
654 1185 815 1242 convellere
827 1183 925 1244 silvam

160 1291 300 1356 Conatur,
319 1285 406 1344 ramis
420 1295 544 1364 tegerem
560 1297 593 1346 ut
605 1287 805 1346 frondentibus
819 1305 888 1356 aras,

159 1390 346 1448 Horrendum
358 1397 389 1446 et
401 1388 481 1446 dictu
494 1389 577 1446 video
587 1389 719 1450 mirabile
732 1389 899 1448 monstrum.
945 1411 949 1418 ·

160 1492 250 1561 Nam,
271 1509 335 1566 quae
348 1490 439 1566 prima
452 1489 520 1560 solo,
541 1491 633 1568 ruptis
645 1491 798 1563 radicibus,
818 1494 901 1550 arbor

161 1592 299 1662 Vellitur,
318 1591 388 1651 huic
399 1601 462 1650 atro
473 1591 626 1670 liquuntur
638 1593 777 1672 sanguine
790 1603 889 1670 guttae,

161 1697 201 1754 Et
214 1704 321 1753 terram
333 1695 400 1752 tabo
413 1695 569 1754 maculant.
609 1695 686 1754 Mihi
700 1696 823 1774 frigidus
836 1695 934 1754 horror

162 1799 298 1856 Membra
308 1796 411 1873 quatit,
425 1797 592 1874 gelidusque
601 1797 661 1858 coit
671 1798 826 1858 formidine
836 1797 962 1875 sangine.

163 1899 270 1960 Rursus
282 1907 313 1956 et
325 1899 441 1958 alterius
453 1899 565 1958 lentum
578 1901 739 1960 convellere
753 1901 852 1960 vimen

163 2002 310 2078 Insequor,
330 2010 361 2058 et
373 2001 477 2060 caussas
489 2002 605 2079 penitus
618 2011 729 2062 tentare
740 2003 871 2062 latentia:

164 2108 239 2164 Ater
250 2117 281 2164 et
293 2105 410 2164 alterius
422 2105 552 2181 sequitur
564 2107 600 2164 de
613 2106 718 2166 cortice
731 2106 856 2184 sanguis.

164 2208 263 2268 Multa
271 2207 964 2288 movensanimo‚Nymphasvenerabaragrestis,
1047 2235 1051 2246 ·

164 2309 383 2384 Gradivumque
394 2319 515 2386 patrem,
529 2311 638 2370 Geticis
648 2312 700 2388 qui
711 2312 843 2390 praefidet
855 2313 943 2385 arvis3

166 2412 236 2470 Rite
249 2411 438 2470 fecundarent
450 2411 535 2488 visus,
555 2433 697 2491 omenque
711 2415 847 2474 levarent.

165 2513 265 2574 Tertia
278 2514 326 2576 sed
337 2513 485 2594 postquam
497 2514 603 2592 majore
616 2516 728 2592 hastilia
739 2517 804 2578 nisu

165 2615 339 2693 Adgredior,
359 2616 537 2694 genibusque
550 2619 672 2678 adversae
688 2620 818 2680 obludint
831 2640 937 2693 arenae,

169 2720 317 2796 (Eloquar,
337 2737 374 2776 an
387 2718 483 2778 sileam
491 2720 516 2794 l)
531 2721 657 2797 gemitus
670 2723 854 2782 lacrimabilis
864 2723 928 2783 imo

167 2821 297 2880 Auditur
309 2821 433 2892 tumulo,
452 2830 482 2880 et
494 2841 550 2880 vox
564 2823 675 2884 reddita
687 2825 779 2884 fertur
791 2827 828 2886 ad
840 2827 931 2885 auris:

169 2923 252 2980 Quid
260 2922 405 2992 miserum,
418 2923 524 2993 AEnea,
537 2925 659 2984 laceras?
669 2925 731 3003 jam
740 2947 826 3006 parce
840 2928 951 3005 sepulto
956 2953 966 3000 5

168 3027 254 3083 Parce
265 3025 327 3102 pias
341 3024 477 3084 scelerare
489 3043 602 3086 manua.
641 3029 712 3088 Non
724 3049 772 3088 me
784 3030 840 3090 tibi
849 3030 937 3107 Troja

168 3127 329 3185 Externum
342 3127 411 3186 tulit
414 3152 424 3200 3
445 3137 497 3188 aut
509 3145 592 3188 cruor
603 3129 652 3190 hic
665 3132 701 3190 de
713 3130 808 3212 tiipite
820 3142 929 3194 manat.
