2194 3584
135 225 163 266 r.
176 211 225 266 43.
381 257 384 264 .
438 207 553 268 LIB.''
575 209 632 268 111.
897 209 938 268 8⁵.-

136 363 249 440 Runipe
261 368 369 436 moram
391 375 475 424 vocat
486 365 600 443 ingenti
609 365 736 429 ,clamore
749 361 908 431 Cithaeron,
931 363 937 372 “

135 467 317 545 Taygetique
337 487 430 539 canes,
449 470 648 546 domitrixque
667 467 829 545 Epidaurus
850 483 939 541 equo·

215 589 279 628 rum
286 595 294 642 3
620 574 623 580 “

136 674 176 734 Et
187 693 244 732 vox
257 675 376 734 adsensu
389 695 539 734 nemorum
552 676 730 754 ingeminata
743 671 879 750 remugit.

136 775 211 834 Mox
225 785 322 835 tamen
335 779 460 836 ardentis
473 779 610 856 adcingar
622 779 717 836 dicere
730 795 843 855 pugnas

137 877 265 947 Caesaris,
285 889 316 936 et
328 899 434 938 nomen
448 881 525 938 sami
539 891 583 940 tot
595 882 671 938 ferre
684 900 736 957 per
749 898 848 948 annos,
901 949 911 967 Ι

136 981 259 1039 Tithoni
272 982 365 1059 primi
379 992 450 1058 quot
462 983 539 1041 abest
551 985 587 1042 ab
600 983 714 1060 origine
726 980 831 1040 Caesar.

177 1085 233 1142 Seu
242 1085 315 1160 quis,
329 1085 510 1162 Olympiacae
523 1086 640 1143 miratus
653 1085 772 1162 praemia
784 1083 897 1160 palmae,

138 1185 231 1246 Pascit
242 1205 344 1264 equos,
367 1187 416 1246 seu
429 1188 502 1264 quis,
522 1189 605 1245 sortis
618 1189 655 1246 ad
667 1197 770 1256 aratra,
785 1184 940 1263 juvencos,

139 1289 265 1366 Corpora
277 1289 422 1366 praecipue
440 1299 566 1348 matrum
581 1290 668 1366 legat.
709 1289 838 1367 Optuma
854 1297 943 1346 torvae

139 1391 241 1450 Forma
253 1392 342 1461 bovis,
363 1391 411 1450 cui
424 1403 508 1468 turpe
521 1402 617 1468 caput,
637 1391 685 1450 cui
699 1391 822 1470 plurima
835 1389 942 1461 cervix,

138 1492 177 1553 Et
189 1513 305 1554 crurum
318 1505 401 1554 tenus
414 1513 430 1554 a
444 1505 543 1553 mento
556 1496 680 1573 palearia
693 1496 840 1573 pendent3'

138 1599 217 1656 Tum
228 1599 316 1674 longo
329 1598 424 1656 nullus
436 1597 519 1656 lateri
532 1599 649 1669 modus,
671 1598 770 1656 omnia
783 1616 897 1675 magna,
973 1583 991 1602 ⁴

139 1703 190 1760 Pes
203 1700 305 1772 etiam;
327 1709 357 1758 et
369 1687 494 1760 camuris
506 1701 591 1758 hirtae
605 1700 657 1770 sub
670 1700 805 1758 cornibus
819 1718 910 1758 aures.

139 1803 205 1862 Nec
218 1803 292 1860 mihi
305 1802 452 1880 displiceat
466 1803 587 1860 maculis
600 1801 719 1878 insrgnis
732 1811 762 1859 et
775 1801 850 1871 albo,

139 1908 203 1964 Aut
211 1904 283 1982 juga
296 1905 470 1976 detrebians5
491 1905 695 1980 interdumque
708 1903 805 1981 aspera
819 1921 919 1974 cornu,

139 2009 178 2066 Et
188 2007 293 2066 faeiem
306 2017 390 2066 tauro
402 2005 532 2084 propior;
553 2019 674 2083 quaeque
686 2007 776 2065 ardua
790 2013 860 2073 tota,

139 2112 177 2169 Et
191 2111 323 2188 gradiens
335 2110 395 2168 imi
407 2110 496 2168 verrit
508 2109 626 2187 vestigia
639 2110 741 2169 caudi.

176 2215 264 2272 AEtas
278 2213 421 2272 Lucinam
429 2211 574 2289 justosque
587 2212 648 2289 pati
661 2212 829 2289 hymenaeos

140 2316 253 2376 Desinit
265 2322 332 2374 ante
344 2316 454 2386 decem,
474 2315 536 2392 post
549 2324 671 2390 quatuor
682 2314 801 2393 incipit,
818 2331 923 2374 annosi

140 2420 242 2477 Cetera
255 2437 309 2476 nec
322 2418 424 2476 feturae
436 2417 548 2486 habilis,
569 2435 623 2476 nec
635 2417 719 2476 fortis
733 2416 846 2476 aratris.

141 2523 263 2591 Interea,
284 2519 398 2597 superat
412 2519 547 2597 gregibus
561 2521 632 2578 dum
645 2519 711 2578 lata
720 2518 864 2597 juventas,

140 2625 222 2683 Solve
234 2643 338 2695 mares3
359 2623 444 2680 mitte
455 2623 488 2680 in
500 2623 643 2680 Venerem
656 2622 790 2700 pecuaria
803 2620 929 2697 primus,

140 2729 240 2804 Atque
252 2726 339 2784 aliam
352 2745 389 2783 ex
401 2725 458 2782 alia
471 2726 633 2801 generando
646 2723 745 2782 suffice
765 2723 887 2801 prolem.

130 2829 270 2908 ¹Optuma
283 2847 403 2906 quaeque
416 2829 477 2886 dies
489 2827 600 2886 miseris
614 2827 788 2886 mortalibus
802 2825 857 2882 aevi

142 2932 237 2992 Prima
249 2931 340 3010 fugit,
363 2929 487 2990 subeunt
499 2931 603 3000 morbi,
624 2930 768 3006 tristisque
781 2926 919 2999 sonestur,

143 3039 180 3096 Et
194 3037 283 3106 labor,
303 3045 333 3094 et
345 3035 424 3092 durae
437 3035 511 3111 rapit
525 3034 711 3092 inclementia
724 3032 833 3092 mortis.

144 3140 262 3217 Semper
273 3145 367 3210 erunt,
388 3155 510 3214 quarum
522 3137 629 3206 mutari
641 3154 758 3214 corpora
771 3135 854 3195 malis
860 3160 870 3210 3
