2236 3584
176 233 230 290 roe
353 227 733 318 ‘ononorcon
852 229 968 312 icoo:

100 457 104 464 Ι
174 385 301 461 Regibus
313 383 423 445 inceffit
436 405 542 464 magno
554 386 693 446 discordia
707 392 798 454 motu,
876 383 878 387 ’

175 487 380 564 Continuoque
394 489 504 546 animos
515 489 604 565 volgi,
619 495 654 548 et
669 487 844 564 trepidantia
856 485 932 543 bello

174 591 277 658 Cordo,
296 591 365 648 licet
376 591 462 667 longe
474 590 661 667 praesciscere:
684 607 808 664 namque
821 587 959 646 morantis

173 691 297 750 Martius
309 691 360 749 ille
372 693 434 750 neris
447 693 524 750 rauci
538 711 625 750 canor
635 692 773 768 increpat,
793 701 822 747 et
836 710 893 748 vox

173 793 309 862 Auditur,
330 794 433 852 fractos
444 793 551 850 sonitus
563 793 677 861 imitata
691 795 838 862 tubarum,

172 894 251 952 Tum
263 895 381 972 trepidae
391 896 466 952 inter
476 895 504 952 se
515 895 800 971 coeunt,·pennisque
811 889 979 964 coruscant,

172 995 343 1073 Spiculaque
355 1007 500 1055 exacuunt
513 997 613 1066 rostris,
634 1004 790 1073 aptantque
802 994 930 1072 lacertos,
953 1043 967 1063 y.

173 1100 211 1156 Et
224 1099 298 1156 circa
311 1117 418 1174 regem,
438 1108 524 1174 atque
536 1099 595 1176 ipsa
609 1101 644 1156 nd
657 1099 797 1176 praetoria,
817 1097 911 1155 densae

172 1199 342 1270 Miscentur,
364 1201 533 1278 magnisque
545 1209 649 1258 vocant
662 1200 833 1258 clamoribus
846 1199 970 1273 hostem)

172 1305 260 1380 Ergo,
278 1304 330 1362 ubi
342 1323 392 1362 ver
404 1304 493 1362 natlae
505 1303 607 1361 sudum
620 1321 791 1378 camposque
804 1302 941 1378 patentis,
965 1313 967 1318 '

172 1408 334 1483 Erumpunt
346 1407 449 1482 portis3
470 1406 648 1463 concurritur
661 1405 766 1462 aethcre
778 1405 810 1461 in
823 1404 896 1475 alt03

171 1509 218 1566 Fit
229 1508 337 1566 sonitus
342 1533 351 1579 ;
367 1527 505 1584 magnum
513 1509 612 1566 mixtae
621 1508 816 1583 glomerantur
823 1506 853 1564 in
859 1508 968 1576 orbem,

172 1611 389 1686 Praecipitesque
402 1611 519 1668 cadunt.
554 1610 585 1667 N
586 1629 624 1666 on
637 1609 748 1668 densior
761 1611 825 1667 aere
839 1611 958 1685 grando,

171 1714 237 1771 Nec
250 1715 285 1770 dc
298 1701 436 1770 concuffd‘
444 1722 558 1769 tantum
571 1711 644 1788 pluit
657 1711 723 1770 ilice
736 1711 858 1788 glandis.

172 1815 228 1891 Ipsi
240 1833 291 1891 per
303 1814 409 1872 medias
422 1813 506 1881 acies,
526 1813 685 1890 insignibus
699 1813 759 1880 alis,

171 1916 300 1992 Ingentis
314 1916 423 1973 animos
436 1915 554 1991 angusto
566 1915 597 1972 in
610 1916 723 1992 pectore
736 1916 861 1988 versant3

171 2018 270 2094 Usque
280 2019 349 2076 adeo
360 2017 460 2075 obnixi
471 2037 529 2074 non
540 2018 648 2088 cedere,
660 2019 730 2074 dum
742 2018 835 2094 gravis
846 2027 897 2076 aut
906 2019 968 2090 hos,

92 2195 96 2206 ι
171 2122 233 2179 Aut
246 2120 297 2178 hos
309 2118 388 2177 versa
401 2120 471 2194 fuga
484 2119 574 2176 vietor
585 2119 653 2176 dare
666 2128 746 2194 terga
759 2119 883 2196 subegit.

171 2223 214 2280 Hi
227 2226 321 2279 motus
334 2221 507 2290 animorum,
522 2229 608 2296 atque
621 2221 683 2278 haec
695 2222 851 2280 certamina
865 2232 957 2292 tanta„

172 2323 298 2381 Pulveris
310 2323 411 2398 exigui
419 2322 497 2399 jattu
509 2323 661 2398 conpreffa,
683 2323 839 2398 quiescent.
894 2373 897 2381 .

209 2427 328 2495 Verum,
348 2424 400 2482 ubi
413 2425 541 2486 ductores
554 2425 615 2482 acie
627 2426 805 2484 revocaveris
818 2430 913 2496 ambo,

170 2528 302 2586 Deterior
314 2527 364 2602 qui
377 2525 461 2596 visus,
482 2545 558 2594 eum,
579 2545 615 2584 ne
627 2529 762 2605 prodigus
776 2530 857 2599 obsit,

164 2629 251 2688 ·Dede
264 2627 341 2698 neci,
363 2627 466 2685 melior
478 2629 566 2685 vacuit
579 2628 637 2686 fine
651 2641 751 2706 regnet
765 2631 796 2688 in
810 2633 885 2690 auid.

168 2732 253 2790 Alter
265 2730 320 2788 en't
333 2729 461 2798 maculis,
481 2749 550 2786 auro
562 2729 767 2805 squalentibus,
787 2735 905 2806 ardens3

103 2817 106 2822 ¹
169 2833 249 2892 Nam
261 2833 318 2890 duo
330 2831 398 2888 sunt
408 2850 512 2908 genera
520 2837 537 2886 :'
549 2831 597 2889 hic
609 2833 719 2902 melior,
733 2834 852 2911 insignis
865 2847 894 2894 et
907 2845 966 2908 ore,

169 2935 208 2992 Et
219 2933 313 2990 rutilis
325 2933 416 2990 clarus
429 2932 569 3008 squamis5
591 2933 641 2990 ille
654 2932 785 2992 horridus
796 2938 869 2996 alter

168 3034 292 3103 Denda,
311 3035 456 3109 latamque
469 3034 584 3091 trahens
597 3035 735 3110 inglorius
745 3037 854 3096 alvum.

169 3135 213 3198 Ut
226 3135 301 3196 biuae
312 3155 417 3216 regum
429 3136 527 3206 facies,
547 3137 587 3196 ita
600 3155 717 3214 corpora
729 3140 821 3217 plebis
830 3163 840 3198 ι.
