2194 3584
14 199 16 240 l

111 225 208 292 v.97.
302 205 305 216 '
435 221 600 279 LIB.I.
793 173 796 180 Ι
874 224 915 274 4⁵·

110 376 156 433 Et
169 375 230 451 qui,
249 375 380 452 proscisso
392 387 457 459 quae
469 375 584 434 suscitat
596 391 709 451 aequore
721 381 809 450 terga,

111 478 226 536 Rursus
238 477 270 536 in
283 478 433 555 obliquum
445 481 527 539 verso
541 477 701 555 perrumpit
711 485 811 544 aratro,

111 581 296 656 Exercetque
307 575 439 657 frequens
450 581 591 651 tellurem,
604 590 689 657 atque
699 580 822 656 imperat
830 576 912 636 arvis.

155 683 287 740 Humida
300 683 416 742 solstitia
429 693 514 760 atque
527 683 635 742 hiemes
648 689 743 759 optate
755 682 874 749 serenas,

112 785 264 860 Agricolae
271 810 280 857 3
303 785 424 843 hiberno
436 785 573 844 laetiffima
586 787 701 863 pulvere
714 785 798 852 farra,

114 888 216 944 Laetus
229 905 311 962 ager:
334 883 415 945 nullo
427 887 456 945 se
470 881 582 946 tantum
595 887 687 964 Mysia
700 887 778 944 culto

113 989 222 1065 Jastat,
242 999 271 1046 et
283 989 342 1066 i'psa
355 991 417 1048 suas
429 973 568 1047 mirantur
580 990 706 1064 Gargara
718 987 820 1047 mellis.

118 1091 204 1148 Quid
217 1091 319 1161 dicam,
336 1091 412 1168 jado
425 1092 475 1166 qui
488 1092 595 1150 semine
608 1090 768 1151 comminus
780 1109 846 1147 arva

114 1193 290 1268 Insequitur,
302 1194 486 1268 cumulosque
496 1193 555 1249 ruit
568 1193 643 1250 male
655 1191 771 1268 pinguis
784 1194 891 1249 arenas?

114 1295 233 1352 Deinde
245 1295 310 1352 satis
322 1293 445 1352 fluvium
456 1294 577 1364 inducit,
591 1294 721 1369 rivosque
734 1293 890 1369 sequentis?

115 1397 166 1465 Et,
178 1415 269 1472 quum
278 1397 391 1454 exustus
404 1416 471 1473 ager
482 1397 668 1455 morientibus
681 1396 778 1454 aestuat
789 1395 892 1466 herbis,

115 1501 204 1556 Ecce!
227 1499 375 1577 supercilio
388 1499 485 1558 clivosi
498 1499 620 1557 tramitis
632 1500 740 1556 undam

115 1601 226 1659 Elicit?
247 1601 296 1660 illa
309 1603 412 1660 cadens
425 1621 544 1660 raucum
555 1621 606 1679 per
621 1601 694 1660 levia
706 1619 835 1659 murmur

115 1705 192 1761 Saxa
206 1704 270 1772 ciet,
281 1704 479 1779 'scatebrisque
492 1704 600 1761 arentia
613 1711 751 1780 temperat
764 1721 840 1760 arva.

116 1805 211 1875 Quid,
224 1807 284 1881 qui,
297 1797 334 1863 ne
347 1806 469 1882 gravidis
481 1808 648 1881 procumbat
661 1805 770 1862 culmus
783 1803 880 1873 aristis,

114 1907 277 1964 Luxuriem
289 1909 415 1983 segetum
430 1909 526 1965 tenera
538 1907 662 1983 depascit
675 1906 706 1963 in
718 1907 814 1975 herbd,

116 2008 221 2067 Quum
232 2010 358 2086 primum
371 2009 459 2067 sulcos
473 2019 587 2084 aequant
596 2009 670 2066 sata?
686 2008 793 2084 quique
801 2009 913 2086 paludis

14 2167 15 2176 ,
116 2111 290 2168 ΟοηΙθᾶωη
302 2112 452 2171 humorem
464 2110 564 2168 bibula
577 2111 692 2168 deducit
705 2101 806 2169 areni?
839 2184 840 2187 Ἴ

114 2212 284 2280 Praesertim,
302 2213 418 2270 incertis
431 2213 451 2269 fi
465 2213 607 2270 menfibus
620 2213 713 2271 amnis
727 2214 874 2272 abundans

114 2314 196 2384 Exit,
215 2323 244 2372 et
256 2315 378 2372 obdusto
390 2315 448 2372 late
461 2324 540 2372 tenet
553 2315 649 2374 omnia
660 2315 743 2376 limo:

14 2487 15 2494 ἵ
115 2417 204 2474 Unde
217 2435 294 2473 cavae
308 2417 404 2492 tepido
417 2415 519 2474 sudant
531 2417 651 2494 humore
663 2419 782 2478 lacunae.

155 2519 221 2576 Nec
235 2508 341 2589 tamen,
353 2519 415 2576 haec
425 2537 515 2594 quum
526 2519 581 2594 sint
592 2519 800 2597 hominumque
809 2525 910 2580 boum·

195 2641 251 2696 que
264 2621 371 2680 labores

14 2801 15 2806 ἵ
114 2723 263 2782 Versando
275 2733 379 2781 terram
392 2724 511 2802 experti,
531 2725 604 2782 nihil
616 2726 751 2802 inprobus
764 2725 852 2796 anser,

114 2827 345 2903 Strymoniaeque
358 2845 449 2903 grues,
469 2837 498 2884 et
511 2829 612 2885 amaris
624 2827 726 2886 intuba
738 2827 826 2896 fibris,

114 2929 269 2998 Officiunt,
288 2938 339 2987 aut
351 2930 450 2986 umbra
463 2937 555 2986 nocet.
589 2931 670 2986 Pater
682 2929 741 3005 ipse
755 2928 867 2986 colendi

113 3031 204 3088 Haud
212 3025 328 3088 facilem
334 3031 389 3088 esse
396 3030 473 3089 viam
481 3030 583 3102 voluit,
592 3031 757 3108 primusque
764 3051 814 3107 per
821 3041 910 3090 artem

113 3133 213 3194 Movit
227 3121 316 3210 agros,
336 3133 411 3192 curis
423 3151 525 3192 acuens
539 3132 669 3192 mortalia
682 3134 778 3203 corda3
