2194 3584
137 251 168 294 v.
179 241 246 292 524.
443 235 542 295 LIB.
582 231 623 294 Ii.
899 241 933 292 81

135 390 218 448 Casta
230 389 402 466 pudicitiam
414 391 507 452 servat
518 394 634 464 domus;
656 393 744 450 ubera
756 409 849 450 vaccae

134 491 239 551 Lactea
252 493 425 552 demittunt:
447 496 627 573 pinguesque
640 494 671 552 in
688 493 818 571 gramine
830 493 898 550 laeto
941 541 943 546 .

133 595 215 652 Inter
226 595 255 653 se
267 597 388 655 adversis
400 598 546 656 luctantur
559 597 692 656 cornibus
705 597 791 654 haedi.

133 698 198 775 Ipse
212 699 272 756 dies
284 699 376 776 agitat
389 701 487 772 festos3
509 700 644 776 fususque
657 717 708 776 per
720 699 849 769 herbam,

133 801 215 878 Ignis
228 802 280 860 ubi
293 803 324 860 iu
338 803 444 874 medio,
464 815 494 860 et
507 801 575 860 socii
588 811 697 860 cratera
710 810 858 869 coronant,

133 905 187 972 Te,
200 904 304 974 libans,
318 907 430 974 Lenaee,
443 915 540 978 vocat3
562 903 729 982 pecorisque
743 902 884 979 magistris

134 1005 251 1064 Velocis
259 1005 350 1084 jaculi
364 1007 519 1065 certamina
532 1007 616 1084 ponit
628 1007 658 1064 in
674 1007 766 1078 ulm03

135 1109 318 1185 corporaque
330 1109 432 1186 agresti
445 1111 557 1168 nudant
569 1105 696 1187 praedura
710 1108 847 1186 palaestri.

134 1212 222 1270 Hanc
235 1211 305 1269 olim
318 1222 426 1270 veteres
442 1212 535 1270 vitam
547 1212 659 1270 coluere
672 1210 770 1270 Sabini
777 1234 786 1282 3

134 1314 220 1372 Hauc
234 1315 340 1372 Remus
353 1325 384 1371 ct
396 1315 498 1372 frater:
521 1315 559 1372 fic
572 1313 655 1372 fortis
667 1313 783 1376 Etruria
796 1311 889 1371 crevit

135 1415 258 1486 Scilicet,
279 1426 309 1474 et
320 1435 416 1475 rerum
426 1416 501 1475 facta
513 1416 553 1474 est
566 1415 757 1493 pulcherrima
770 1415 871 1482 Roma,

134 1519 306 1596 septemque
320 1537 376 1576 una
390 1519 443 1576 srbi
455 1537 539 1576 muro
552 1518 742 1576 circumdedit
755 1537 843 1576 arces.

133 1623 214 1681 Ante
226 1621 316 1686 ctiam
329 1619 472 1698 sceptrum
485 1621 589 1680 Dictaei
603 1621 688 1697 regis,
708 1630 738 1678 et
751 1631 818 1679 ante

54 1797 56 1800 Ι
133 1723 217 1800 Inpia
227 1726 318 1808 'quam
330 1723 406 1781 caefis
418 1742 489 1800 gens
502 1723 542 1780 est
554 1723 668 1800 epulata
676 1722 817 1800 juvencis,

133 1828 248 1886 Aureus
260 1826 335 1884 hanc
348 1826 438 1884 vitam
451 1826 482 1882 in
497 1826 578 1883 terris
591 1827 728 1883 Saturnus
741 1827 855 1900 agebat.

134 1928 199 1990 Nec
211 1930 281 1988 dum
293 1928 382 1988 etiam
395 1928 545 1986 audierant
557 1926 653 1986 inflari
666 1927 785 1996 claffica,
798 1927 933 1986 necdum

86 2091 91 2104 ,
135 2033 274 2111 Inpofitos
286 2033 364 2090 duris
377 2032 518 2109 crepitare
530 2030 684 2088 incudibus
696 2030 783 2088 enses.

174 2137 227 2196 Sed
242 2155 293 2194 nos
306 2133 469 2194 inmensum
483 2133 580 2210 spatiis
592 2131 769 2206 confecimus
782 2151 892 2208 aequom

134 2239 173 2300 Et
181 2237 242 2316 jam
257 2249 369 2315 tempus
382 2239 489 2313 equitm
503 2235 644 2294 fumantia
658 2236 764 2294 solvere
777 2236 859 2293 colla.
