2194 3584
190 234 229 286 aa
434 223 752 294 n‘ucourcng
892 237 919 278 v.
936 223 981 277 14.
1092 179 1093 220 ³

191 377 288 446 Quod,
309 375 361 434 nifi
374 395 421 438 me
434 381 615 456 qudcumque
625 399 711 438 novas
724 377 851 436 incidere
863 375 923 433 litis

188 481 267 538 Ante
281 479 385 538 sinistra
398 483 467 538 cavi
480 482 630 540 monuillet
643 485 679 540 ab
691 481 758 538 ilice
769 469 878 546 cornix,

189 583 253 640 Nec
267 592 332 640 tuus
345 583 392 640 hic
406 584 515 652 Moeris,
529 604 581 642 nec
594 585 702 642 viveret
715 581 774 658 ipse
787 581 942 638 Menalcas.

514 705 656 743 nrcrnas.
739 715 741 718 ·

188 785 269 844 Heu!
290 787 368 846 cadit
380 787 410 845 in
423 807 597 864 quemquam
612 785 840 844 tantumscelus?
856 784 921 853 heu,
931 792 980 842 tua

266 891 349 948 nobis
934 886 936 894 ’

188 993 271 1048 Paene
285 993 366 1050 snnul
380 1002 476 1050 tecum
489 991 587 1050 solatia
601 999 691 1068 rapta,
710 990 857 1048 Menalca!

190 1092 265 1152 Quis
278 1106 392 1152 caneret
405 1095 571 1171 Nymphas?
603 1092 667 1168 quis
679 1093 801 1150 humum
813 1090 982 1150 florentibus

267 1195 363 1252 herbis
746 1257 749 1268 y

188 1298 354 1373 spargeret?
375 1306 425 1356 aut
436 1297 522 1355 viridi
535 1297 624 1354 sontis
636 1297 787 1377 induceret
798 1295 917 1353 umbri?

187 1398 253 1467 Vel,
273 1385 337 1473 quae
350 1398 460 1476 sublegi
474 1399 576 1456 tacitus
590 1399 644 1456 tibi
657 1397 782 1456 carmina
795 1415 895 1474 nuper,
959 1393 964 1400 ’

188 1502 290 1558 Ouum
310 1511 339 1558 te
353 1503 388 1558 ad
401 1501 516 1558 delicias
534 1501 630 1568 ferres,
650 1500 838 1576 Amaryllida,
859 1499 980 1558 nostras?

186 1604 297 1680 Tityre,
317 1605 386 1661 dum
399 1605 492 1671 redeo,
511 1604 604 1661 brevis
616 1604 655 1660 est
667 1603 722 1671 via,
742 1603 823 1678 pasce
836 1603 971 1679 capellas;

187 1707 225 1762 Et
237 1693 338 1780 poturn
350 1705 439 1780 pastas
453 1724 516 1781 age,
535 1705 650 1780 Tityre3
671 1715 701 1761 et
713 1705 790 1762 inter
803 1706 947 1780 agendum

187 1793 344 1866 Occursare
357 1825 451 1884 capro,
471 1825 560 1865 cornu
574 1806 642 1864 serit
654 1807 713 1876 ille,
733 1818 842 1864 caveto·

527 1927 642 1986 uranie.

187 2014 282 2071 Immo
294 2013 366 2081 haec,
386 2031 450 2088 quae
462 2013 539 2070 Varo
552 2030 605 2068 nec
619 2012 687 2068 dum
701 2011 825 2088 perfetta
839 2014 969 2070 canebat.

133 2133 137 2140 ·
186 2115 272 2182 Vare,
293 2123 376 2172 tuum
389 2133 492 2172 nornen
506 2113 632 2190 (superet
645 2114 731 2170 modo
744 2113 867 2170 Mantua
880 2114 962 2171 nobis
969 2139 977 2184 ;

186 2214 321 2286 Mantua,
339 2235 382 2272 vae
394 2214 504 2274 miserae
517 2215 640 2272 nimium
653 2212 747 2272 vicina
759 2215 908 2272 Cremonae
917 2216 938 2289 l)

187 2317 343 2374 Cantantes
355 2316 477 2374 sublime
489 2317 584 2374 ferent
596 2316 631 2374 ad
645 2317 732 2374 sidera
746 2302 841 2394 cycni

508 2439 654 2478 eremas.

187 2520 233 2578 Sic
240 2505 293 2578 'tua
306 2521 432 2597 Cyrneas
445 2521 560 2598 fugiant
570 2521 701 2579 examina
715 2530 808 2592 taxos;

187 2622 233 2680 Sic
243 2622 332 2699 cytiso
344 2623 429 2700 pastae
441 2623 600 2681 distendant
612 2625 700 2682 ubera
712 2643 819 2682 vaccae:

185 2724 295 2800 Incipe,
311 2725 413 2800 siquid
426 2725 521 2784 habes.
561 2727 599 2782 Et
609 2745 655 2782 me
668 2726 761 2784 fecere
773 2727 888 2802 poetam

186 2826 310 2884 Pierides
314 2851 323 2898 3
338 2827 404 2884 sunt
415 2836 443 2884 et
454 2827 526 2884 mihi
539 2827 678 2885 carmina:
694 2847 741 2885 nre
753 2847 867 2904 quoque
875 2828 977 2892 dicunt

185 2929 292 2985 Vatem
303 2931 423 3006 pastores
430 2955 438 3000 ς
459 2929 507 2987 sed
521 2947 579 2986 non
592 2947 646 3006 ego
659 2929 788 2987 credulus
801 2929 865 2990 illis.

185 3029 270 3086 Narn'
278 3048 370 3106 neque
384 3031 476 3088 adhuc
487 3031 578 3089 'Vario
588 3031 694 3100 videor,
713 3051 766 3090 nec
777 3031 871 3090 dicere
881 3031 977 3091 Ciani

185 3131 291 3210 Digna,
312 3121 359 3192 sed
372 3143 486 3212 argutos
498 3133 575 3193 inter
585 3134 704 3212 strepere
715 3135 796 3194 anser
808 3136 908 3195 olores.
