2194 3584
123 247 212 314 my.
369 243 594 303 ECLOGA
633 243 686 302 VI.
881 253 940 304 23·

123 397 166 455 At
178 415 237 455 non
251 405 311 456 tarn
325 401 415 478 turpis
426 403 571 478 pecudum
583 409 679 460 tamen
691 400 751 458 ulla
764 399 859 458 secuta
871 398 911 457 eil

123 500 312 571 Concubitus,
332 503 462 577 quamvis
474 505 548 561 collo
561 502 699 561 timniss'et
711 511 845 571 aratrum,

123 601 161 658 Et
173 601 249 679 saepe
261 602 293 660 in
307 604 364 662 levi
377 605 514 680 quaefiiset
527 623 634 664 cornua
647 605 752 663 fronte.
811 606 813 612 '

123 704 173 760 Ah
185 704 269 781 virgo
280 706 400 764 infelix!
424 715 457 765 tu
469 725 547 764 nunc
559 705 592 764 in
604 707 750 765 montibus
762 721 851 763 erras:

123 806 186 875 Ille,
207 807 282 865 latus
295 807 413 868 niveum
425 809 506 866 molli
519 809 609 866 fultus
622 808 788 886 hyacintho,
822 818 825 824 “

123 908 193 966 llice
202 909 255 966 sub
268 909 351 986 nigra
364 911 497 987 pallentis
509 911 637 969 ruminat
649 911 763 981 herbas;

124 1012 187 1069 Aut
200 1011 329 1087 aliquam
340 1012 373 1069 in
386 1031 492 1088 magno
504 1012 632 1088 sequitur
644 1031 740 1090 grege.
775 1009 920 1080 Claudite,

201 1113 234 1169 N
234 1114 358 1190 yrnphae,

123 1214 242 1273 Diuaeae
255 1213 411 1292 Nymphae,
431 1233 582 1274 nemorum
592 1214 653 1292 jam
666 1215 791 1273 claudite
804 1214 899 1283 saltus,

124 1317 155 1374 Si
169 1317 225 1392 qua
237 1317 312 1374 forte
324 1318 419 1375 ferant
430 1318 519 1376 oculis
531 1317 590 1376 sese
602 1317 685 1376 obvia
698 1316 798 1374 nostrie

124 1417 292 1476 Errabunda
304 1418 385 1477 bovis
397 1418 528 1495 vestigia:
550 1419 667 1476 forfitan
680 1419 765 1476 illum

125 1521 188 1577 Aut
200 1519 289 1578 herba
302 1527 420 1597 captum
432 1521 528 1592 viridi,
549 1530 600 1578 ant
612 1529 741 1578 armenta
754 1520 893 1587 secutum,

126 1622 284 1679 Perducant
297 1621 401 1697 aliquae
414 1622 521 1680 stabula
534 1624 571 1680 ad
584 1623 725 1699 Gortynia
738 1641 841 1680 vaccae.

164 1723 242 1780 ‘lum
252 1722 331 1780 canit
341 1722 534 1800 Hesperidum
546 1724 680 1782 miratam
693 1724 768 1782 mala
777 1723 917 1800 puellam:

125 1825 203 1881 Tum
216 1824 453 1883 Phaethontiadas
465 1825 562 1884 musco
575 1825 735 1884 circumdat
748 1843 850 1882 amarae

127 1924 259 1995 Corticis‚
278 1933 363 2001 atque
376 1905 435 1984 solo
447 1945 576 2003 proceras
589 1927 676 2003 erigit
688 1927 777 1984 alnos.

126 2027 205 2085 Tum
217 2027 304 2095 canit,
314 2037 456 2085 errantem
467 2028 597 2086 Permeffi
611 2029 647 2085 ad
660 2027 791 2096 flumina,
805 2025 922 2086 Gallum

127 2129 225 2186 Aonas
237 2128 269 2185 in
282 2127 388 2188 montis
401 2139 435 2186 ut
447 2129 562 2187 duxerit
575 2147 633 2187 una
643 2127 785 2200 sororum3

82 2249 84 2254 ·
127 2230 227 2305 thue
239 2230 301 2287 viro
314 2230 413 2288 Phoebi
427 2230 529 2288 chorus
541 2230 730 2288 adsurrexerit
742 2229 849 2300 omnim

128 2331 172 2388 U't
185 2315 275 2388 liinus
287 2331 349 2388 haec
362 2331 416 2403 illi,
437 2332 536 2392 divino
546 2331 673 2390 carmine
686 2332 787 2408 pastor,

128 2432 257 2490 Floribus
271 2441 356 2508 atque
369 2432 434 2508 apio
447 2417 534 2490 crinis
547 2443 661 2490 ornatus
674 2451 787 2500 amarae,

129 2533 258 2592 Dixerit:
275 2535 336 2592 Hos
347 2534 402 2591 tibi
415 2533 485 2592 dant
497 2533 630 2605 calamos,
644 2551 681 2592 en
691 2533 806 2610 accipe!
823 2533 924 2603 Musae,

130 2634 244 2696 nscraeo
256 2653 327 2711 quos
340 2645 407 2694 ante
419 2635 493 2706 seni;
520 2637 624 2712 quibus
637 2637 687 2694 ille
700 2635 809 2694 solebat

130 2737 281 2796 Cantando
293 2737 399 2814 rigidas
411 2737 550 2796 deducere
563 2738 709 2796 montibus
721 2753 814 2794 ornos.

131 2839 186 2896 Hie
199 2839 255 2896 tibi
267 2839 378 2915 Grynei
390 2839 514 2898 nemoris
527 2839 640 2898 dicatur
653 2839 749 2915 orig03

131 2941 179 2998 Ne
191 2939 256 3016 quia
269 2941 304 3022 fit
315 2941 406 3011 lucus,
425 2959 483 3017 quo
495 2941 524 2999 se
536 2942 600 3019 plus
609 2941 698 3018 jactet
710 2939 828 3017 Apollo.

171 3041 254 3102 Quid
265 3042 376 3118 loquar,
386 3051 419 3101 ut
429 3043 552 3121 Scyllam
562 3043 635 3115 Nisi,
647 3061 734 3119 quam
745 3042 822 3101 fama
833 3039 928 3100 secuta

248 3144 296 3216 est,
