2194 3584
138 198 244 250 vaca
383 200 386 205 ·
448 189 544 248 nra.
585 189 623 246 11.
891 190 932 262 ⁶9

137 345 251 422 Exigul
263 353 376 404 tantum
390 345 500 422 gelidus
512 363 557 402 roa
570 341 651 402 nocte
664 349 795 420 reponet.
917 399 920 410 k

175 448 270 524 Nigra
282 449 343 506 sere
355 457 384 506 et
397 448 486 525 presso
497 447 614 524 pinguis
627 446 678 504 sub
690 465 806 504 vomere
819 453 903 516 terra,

135 551 175 607 Et
185 551 232 608 cui
241 561 324 628 putre
334 551 435 622 solum,
448 554 584 628 (namque
593 548 647 606 hoc
655 548 802 609 imitamur
810 550 928 622 arando)

135 653 265 729 Optuma
278 653 443 712 frumentis:
466 671 524 712 non
536 653 598 710 ullo
608 671 645 710 ex
659 671 771 728 aequore
782 670 882 710 cernes

135 756 219 814 Plura
232 757 350 814 domum
363 757 450 814 tardis
463 756 597 813 decedere
609 753 731 830 plaustra
738 752 883 830 juvencis:

138 859 209 926 Aut,
229 859 305 915 unde
317 859 406 917 iratus
420 859 517 916 silvam
529 856 645 914 devexit
657 866 759 924 arator,

138 962 175 1017 Et
189 979 304 1020 nemora
317 961 420 1018 evertit
432 961 537 1018 multos
550 959 653 1034 ignava
666 977 717 1034 per
730 977 827 1027 annos,

136 1062 337 1139 Antiquusque
350 1065 448 1121 domos
460 1063 557 1122 avium
570 1079 636 1118 cum
651 1061 782 1136 stirpibus
794 1061 861 1119 imis

136 1165 234 1223 Eruit=
256 1165 315 1223 illae
327 1166 418 1223 altum
431 1165 506 1223 nidis
518 1168 626 1243 petiere
639 1168 761 1240 relictis3

136 1270 181 1326 At
192 1267 270 1328 rudis
283 1268 389 1326 enituit
400 1267 514 1344 inpulso
526 1289 641 1328 vomere
653 1289 779 1346 campus.

136 1371 217 1428 Nam
225 1369 323 1447 jejuna
338 1371 455 1446 quidem
466 1371 562 1430 clivosa
576 1373 669 1448 glarea
684 1374 756 1430 ruris

137 1473 198 1530 Vix
211 1473 328 1532 humilis
341 1473 439 1549 apibus
452 1475 536 1533 casias
549 1493 699 1551 roremque
711 1476 867 1547 ministram

138 1577 177 1632 Et
190 1576 292 1653 tophus
305 1575 410 1644 scaber,
430 1586 460 1634 et
473 1577 563 1652 nigris
575 1577 658 1638 exesa
670 1578 812 1655 chelydris
892 1609 894 1614 .

138 1680 234 1747 Creta,
254 1687 362 1755 negant
374 1679 445 1736 alios
458 1698 539 1755 aeque
551 1679 729 1756 serpentibus
741 1700 823 1757 agros

137 1781 262 1840 Dulcem
274 1783 348 1839 serre
361 1781 469 1853 cibum,
488 1792 517 1839 et
530 1801 631 1840 curvas
643 1785 768 1860 praebere
778 1783 910 1840 latebras.

139 1883 215 1942 Ouae
228 1893 343 1946 tenuem
355 1885 470 1942 exhalat
481 1884 616 1943 nebulam
628 1885 779 1961 fumosque
792 1885 928 1954 voluerim

137 1987 175 2056 Et
191 1987 266 2044 bibit
288 1986 447 2058 humorem,
463 1997 502 2055 et,
520 2005 610 2062 quum
630 1987 704 2056 vult,
723 2006 760 2044 ex
772 1985 800 2044 se
813 1986 873 2062 ipsa
886 2005 930 2044 re-

216 2089 307 2146 mittit
315 2115 323 2159 5

137 2192 271 2267 Quaeque
283 2191 333 2249 suo
346 2191 430 2250 viridi
443 2192 552 2268 semper
564 2191 593 2248 sc
606 2191 735 2268 gramine
748 2191 838 2260 vestit,

135 2294 203 2351 Nec
215 2294 308 2352 scabie
320 2304 350 2351 et
363 2293 433 2352 salsa
446 2294 525 2352 laedit
537 2294 668 2370 robigine
681 2295 798 2363 sermm,
867 2327 871 2340 ·

139 2397 192 2454 Illa
206 2397 260 2454 tibi
273 2396 346 2454 laetis
358 2397 470 2454 intexet
481 2397 589 2454 vitibus
601 2396 693 2454 ulmos
697 2421 706 2467 3

136 2499 192 2556 Illa
205 2499 286 2558 ferax
300 2500 363 2556 oleo
375 2499 414 2556 est
420 2525 429 2570 5
451 2499 531 2557 illam
542 2499 687 2575 experiere
700 2499 819 2556 colendo

138 2603 176 2658 Et
189 2602 305 2660 facilem
317 2602 422 2677 pecori,
442 2611 472 2660 et
486 2602 645 2678 patientem
657 2601 778 2658 vomeris
792 2601 866 2659 unci.

137 2705 240 2762 Talem
253 2704 331 2763 (lives
343 2713 404 2762 arat
417 2705 525 2780 Capua,
545 2715 575 2762 et
587 2704 682 2763 vicina
693 2703 804 2760 Vesevo

138 2807 197 2864 Ora
207 2805 288 2882 jugo,
308 2814 338 2863 et
350 2807 447 2866 vacuis
459 2807 578 2865 Clanius
591 2825 648 2864 non
661 2826 758 2882 aequus
771 2803 893 2866 Acerris,

177 2908 275 2976 Nunc,
288 2927 345 2983 quo
356 2927 499 2984 quamque
512 2909 597 2968 modo
609 2908 692 2985 possis
700 2905 879 2983 cognoscere,
890 2904 933 2963 di-

83 3001 86 3006 ’
255 3029 328 3068 cam.

141 3113 214 3180 Rara
228 3111 271 3183 fit,
291 3132 328 3174 an
341 3113 424 3192 supra
436 3134 546 3174 morem
559 3115 579 3174 fi
592 3114 687 3186 densa,
699 3112 832 3189 requiras
839 3134 848 3182 i
918 3162 921 3170 .

1048 2736 1068 2812 l
