2208 3574
196 221 258 284 ‘zos
456 215 734 289 AEnnrnois,
882 219 1000 273 exam.

199 367 313 426 Nudati
326 367 404 426 socii.
442 371 529 448 Juvat
541 373 652 430 evnfisse
665 381 709 430 tot
720 371 799 429 urbis

199 471 359 548 fflgolicas,
376 473 540 549 mediosque
552 475 652 550 sugam
666 473 785 532 tenuisse
794 490 845 549 per
857 470 953 528 hostis.

200 576 311 635 Interea
324 593 463 651 magnum
475 576 515 635 sol
528 577 759 635 circumvolvitur
772 593 889 642 anuum,

199 678 238 735 Et
251 676 378 754 glacialis
390 678 482 735 hierus
493 679 673 754 aquilonibus
686 678 794 754 asperat
807 678 907 734 undas.
992 723 995 728 .

200 781 274 838 AEre
286 799 355 839 cavo
368 780 502 858 clipeum,
521 782 620 858 magni
634 782 778 858 gestamen
790 779 922 846 Abantis,

201 883 327 942 Postibus
340 884 458 941 adverfis
471 885 539 960 figo,
559 893 588 942 et
600 904 661 942 rem
674 884 800 943 carmine
814 883 907 958 signo:

202 1003 306 1045 usuras
327 1005 397 1044 nme
418 1007 458 1044 os
479 1007 594 1044 nsnsrs
616 1005 808 1046 vrcnonrsus
830 1003 926 1042 suun.
998 1031 1001 1035 ,

201 1088 345 1162 Linquere
359 1097 421 1146 tum
433 1099 530 1165 portus
540 1089 636 1166 jubeo,
657 1099 686 1148 et
698 1089 842 1148 considere
854 1084 1000 1144 transtris:

202 1189 342 1248 Certatim
354 1189 422 1248 socii
435 1191 542 1249 feriunt
554 1213 641 1263 mare,
662 1199 692 1250 et
704 1209 817 1267 aequora
830 1197 955 1248 verrunt.
997 1233 999 1240 .

202 1291 339 1349 Protenus
351 1293 439 1352 aerias
453 1293 603 1352 Phaeacum
616 1295 813 1354 abscondimus
826 1311 911 1362 arces,

201 1392 356 1469 Litoraque
370 1394 449 1470 Epiri
462 1395 592 1471 legimus,
611 1375 753 1473 portuque
765 1395 892 1454 subimus

203 1493 342 1564 Chaonio,
362 1505 392 1552 et
405 1495 508 1552 celsam
521 1497 656 1554 Buthroti
669 1496 832 1555 adcedimus
844 1498 954 1554 urbem

242 1595 300 1653 Hic
312 1595 487 1654 incredibilis
501 1616 597 1656 rerum
609 1600 685 1656 sama
699 1605 819 1674 occupat
832 1597 915 1667 auris,

202 1695 364 1756 Priamiden
377 1693 522 1756 Helenum
535 1689 634 1758 Graias
647 1717 765 1776 regnare
777 1717 828 1776 per
838 1699 927 1767 urbis,
991 1745 996 1752 ,

204 1796 347 1875 Conjugio
359 1799 489 1858 AEacidae
502 1801 602 1876 Pyrrhi
615 1801 787 1878 sceptrisque
799 1801 944 1877 potitum;

202 1900 242 1958 Et
254 1899 347 1976 patrio
360 1901 581 1959 Andromachen
593 1902 699 1960 iterum
711 1901 814 1960 ceffisi'e
827 1902 939 1960 marito.
992 1937 995 1942 ι

204 2001 360 2080 Obstupui5
381 2003 509 2078 miroque
521 2003 669 2062 incensum
681 2005 778 2081 pestus
790 2023 896 2072 amore,

205 2103 373 2180 Conpeilare
386 2104 488 2172 virum,
508 2113 538 2161 et
550 2105 628 2162 casus
640 2105 807 2182 cognoscere
819 2115 922 2165 tanton

205 2205 370 2280 Progredior
383 2215 476 2281 portu,
496 2205 586 2264 claffis
598 2215 628 2263 et
640 2205 724 2264 litora
736 2206 879 2282 linquensz
987 2233 990 2236 ·

205 2305 354 2362 sollemnis
367 2314 430 2362 tum
442 2306 517 2363 sorte
530 2306 622 2383 dapes,
642 2315 672 2364 et
686 2306 772 2365 tristia
785 2309 869 2379 dona,
988 2341 991 2346 ·

205 2409 285 2465 Ante
297 2409 398 2464 urbem
410 2407 442 2464 in
454 2407 528 2477 luco,
549 2408 611 2465 salsi
624 2408 776 2467 Simoiintis
787 2411 823 2467 ad
836 2411 952 2480 undam,

206 2509 328 2567 Libabat
340 2507 430 2566 cineri
444 2509 653 2579 Andromache,
673 2509 826 2587 Manisque
838 2515 958 2571 vocabat

206 2611 380 2669 Hectoreum
393 2603 600 2682 ad'tumulum5
622 2611 707 2672 viridi
718 2631 804 2688 quern
816 2615 922 2692 cespite
933 2615 997 2674 ina÷

283 2730 359 2780 nem,
404 2737 407 2742 ·

206 2815 243 2871 Et
257 2812 391 2890 geminas,
411 2812 534 2870 caussam
545 2813 678 2885 lacrimis,
699 2815 853 2874 sacraverat
865 2835 935 2877 aras.

206 2915 249 2973 Ut
261 2933 309 2972 me
321 2913 467 2989 conspexit
479 2914 651 2984 venientem,
670 2925 700 2972 et
711 2917 799 2974 Troia
811 2918 921 2976 circum
940 2985 942 2988 ¹
989 2974 992 2978 .

206 3017 296 3073 Arma
309 3033 406 3074 amens
418 3015 500 3084 vidit,
519 3017 631 3092 magnis
643 3017 778 3076 exterrita
790 3020 930 3092 monstris,

206 3115 341 3193 Deriguit
351 3116 413 3176 visu
425 3117 457 3174 in
470 3117 579 3191 medi03
601 3119 676 3178 calor
689 3119 745 3178 ossa
757 3120 888 3198 reliquit,
985 3159 989 3179 ;
