<?xml version="1.0" encoding="UTF-8"?>
<!DOCTYPE html PUBLIC "-//W3C//DTD XHTML 1.0 Transitional//EN"
    "http://www.w3.org/TR/xhtml1/DTD/xhtml1-transitional.dtd">
<html xmlns="http://www.w3.org/1999/xhtml" xml:lang="en" lang="en">
 <head>
  <title>
</title>
<meta http-equiv="Content-Type" content="text/html;charset=utf-8" />
  <meta name='ocr-system' content='tesseract 3.04.00' />
  <meta name='ocr-capabilities' content='ocr_page ocr_carea ocr_par ocr_line ocrx_word'/>
</head>
<body>
  <div class='ocr_page' id='page_1' title='image "./pvirgiliimaroni02wakegoog/pvirgiliimaroni02wakegoog_0186.png"; bbox 0 0 2236 3584; ppageno 0'>
   <div class='ocr_carea' id='block_1_1' title="bbox 361 123 942 242">
    <p class='ocr_par' dir='ltr' id='par_1_1' title="bbox 361 123 942 242">
     <span class='ocr_line' id='line_1_1' title="bbox 361 123 942 242; baseline -0.003 -14"><span class='ocrx_word' id='word_1_1' title='bbox 361 123 717 242; x_wconf 12' lang='lat' dir='ltr'><strong>ch‘rALeerA.¹</strong></span> <span class='ocrx_word' id='word_1_2' title='bbox 888 175 942 240; x_wconf 78' lang='lat'><strong>175</strong></span> 
     </span>
    </p>
   </div>
   <div class='ocr_carea' id='block_1_2' title="bbox 145 325 944 1428">
    <p class='ocr_par' dir='ltr' id='par_1_2' title="bbox 145 325 792 506">
     <span class='ocr_line' id='line_1_2' title="bbox 145 325 792 406; baseline -0.006 -20"><span class='ocrx_word' id='word_1_3' title='bbox 145 327 320 406; x_wconf 83' lang='lat' dir='ltr'><strong>Dispeream,</strong></span> <span class='ocrx_word' id='word_1_4' title='bbox 341 326 362 384; x_wconf 91' lang='lat' dir='ltr'>fi</span> <span class='ocrx_word' id='word_1_5' title='bbox 375 325 505 384; x_wconf 88' lang='lat' dir='ltr'><strong>tefuerit</strong></span> <span class='ocrx_word' id='word_1_6' title='bbox 518 325 592 384; x_wconf 87' lang='lat' dir='ltr'><strong>mihi</strong></span> <span class='ocrx_word' id='word_1_7' title='bbox 605 325 695 384; x_wconf 83' lang='lat' dir='ltr'><strong>carior</strong></span> <span class='ocrx_word' id='word_1_8' title='bbox 708 325 792 384; x_wconf 82' lang='lat' dir='ltr'><strong>alter:</strong></span> 
     </span>
     <span class='ocr_line' id='line_1_3' title="bbox 184 428 786 506; baseline -0.008 -17"><span class='ocrx_word' id='word_1_9' title='bbox 184 431 269 490; x_wconf 82' lang='lat' dir='ltr'><strong>Alter</strong></span> <span class='ocrx_word' id='word_1_10' title='bbox 280 429 360 488; x_wconf 84' lang='lat' dir='ltr'><strong>enim</strong></span> <span class='ocrx_word' id='word_1_11' title='bbox 372 429 436 506; x_wconf 89' lang='lat' dir='ltr'><strong>quis</strong></span> <span class='ocrx_word' id='word_1_12' title='bbox 448 439 476 486; x_wconf 90' lang='lat' dir='ltr'><strong>te</strong></span> <span class='ocrx_word' id='word_1_13' title='bbox 489 429 599 487; x_wconf 86' lang='lat' dir='ltr'><strong>dulcior</strong></span> <span class='ocrx_word' id='word_1_14' title='bbox 611 428 666 488; x_wconf 81' lang='lat' dir='ltr'><strong>effe</strong></span> <span class='ocrx_word' id='word_1_15' title='bbox 677 429 786 505; x_wconf 77' lang='lat' dir='ltr'><strong>potest?</strong></span> 
     </span>
    </p>

    <p class='ocr_par' dir='ltr' id='par_1_3' title="bbox 145 530 896 713">
     <span class='ocr_line' id='line_1_4' title="bbox 145 530 875 607; baseline -0.007 -14"><span class='ocrx_word' id='word_1_16' title='bbox 145 534 203 593; x_wconf 90' lang='lat' dir='ltr'><strong>Cui</strong></span> <span class='ocrx_word' id='word_1_17' title='bbox 215 535 314 592; x_wconf 87' lang='lat' dir='ltr'><strong>Venus</strong></span> <span class='ocrx_word' id='word_1_18' title='bbox 326 542 392 598; x_wconf 81' lang='lat' dir='ltr'><strong>ante</strong></span> <span class='ocrx_word' id='word_1_19' title='bbox 404 533 484 601; x_wconf 79' lang='lat' dir='ltr'><strong>aiios,</strong></span> <span class='ocrx_word' id='word_1_20' title='bbox 503 532 572 602; x_wconf 91' lang='lat' dir='ltr'><strong>divi,</strong></span> <span class='ocrx_word' id='word_1_21' title='bbox 592 531 748 607; x_wconf 88' lang='lat' dir='ltr'><strong>divumque</strong></span> <span class='ocrx_word' id='word_1_22' title='bbox 759 530 875 602; x_wconf 85' lang='lat' dir='ltr'><strong>sorores,</strong></span> 
     </span>
     <span class='ocr_line' id='line_1_5' title="bbox 185 635 896 713; baseline -0.003 -19"><span class='ocrx_word' id='word_1_23' title='bbox 185 637 306 706; x_wconf 66' lang='lat' dir='ltr'><strong>cunda,</strong></span> <span class='ocrx_word' id='word_1_24' title='bbox 326 655 419 712; x_wconf 85' lang='lat' dir='ltr'><strong>neque</strong></span> <span class='ocrx_word' id='word_1_25' title='bbox 430 635 559 713; x_wconf 85' lang='lat' dir='ltr'><strong>indigno,</strong></span> <span class='ocrx_word' id='word_1_26' title='bbox 580 635 673 703; x_wconf 84' lang='lat' dir='ltr'><strong>Musa,</strong></span> <span class='ocrx_word' id='word_1_27' title='bbox 693 635 795 693; x_wconf 85' lang='lat' dir='ltr'><strong>dedere</strong></span> <span class='ocrx_word' id='word_1_28' title='bbox 807 636 896 704; x_wconf 62' lang='lat' dir='ltr'><strong>boum</strong></span> 
     </span>
    </p>

    <p class='ocr_par' dir='ltr' id='par_1_4' title="bbox 147 737 944 816">
     <span class='ocr_line' id='line_1_6' title="bbox 147 737 944 816; baseline 0 -19"><span class='ocrx_word' id='word_1_29' title='bbox 147 740 267 810; x_wconf 74' lang='lat' dir='ltr'><strong>Cundia,</strong></span> <span class='ocrx_word' id='word_1_30' title='bbox 278 740 381 816; x_wconf 86' lang='lat' dir='ltr'><strong>quibus</strong></span> <span class='ocrx_word' id='word_1_31' title='bbox 391 739 496 816; x_wconf 83' lang='lat' dir='ltr'><strong>gaudet</strong></span> <span class='ocrx_word' id='word_1_32' title='bbox 506 738 606 797; x_wconf 86' lang='lat' dir='ltr'><strong>Phoebi</strong></span> <span class='ocrx_word' id='word_1_33' title='bbox 615 738 725 808; x_wconf 87' lang='lat' dir='ltr'><strong>chorus,</strong></span> <span class='ocrx_word' id='word_1_34' title='bbox 734 738 851 816; x_wconf 81' lang='lat' dir='ltr'>ipseque</span> <span class='ocrx_word' id='word_1_35' title='bbox 860 737 944 797; x_wconf 86' lang='lat' dir='ltr'>Phoe-</span> 
     </span>
    </p>

    <p class='ocr_par' dir='ltr' id='par_1_5' title="bbox 222 845 434 904">
     <span class='ocr_line' id='line_1_7' title="bbox 222 845 434 904; baseline -0.028 0"><span class='ocrx_word' id='word_1_36' title='bbox 222 895 224 904; x_wconf 83' lang='lat'>.</span> <span class='ocrx_word' id='word_1_37' title='bbox 264 845 330 900; x_wconf 91' lang='lat' dir='ltr'><strong>bus:</strong></span> <span class='ocrx_word' id='word_1_38' title='bbox 432 873 434 880; x_wconf 46' lang='lat' dir='ltr'>v</span> 
     </span>
    </p>

    <p class='ocr_par' dir='ltr' id='par_1_6' title="bbox 187 945 819 1022">
     <span class='ocr_line' id='line_1_8' title="bbox 187 945 819 1022; baseline -0.002 -19"><span class='ocrx_word' id='word_1_39' title='bbox 187 945 306 1004; x_wconf 69' lang='lat' dir='ltr'><strong>Dodtior</strong></span> <span class='ocrx_word' id='word_1_40' title='bbox 317 946 349 1002; x_wconf 83' lang='lat'><strong>0!</strong></span> <span class='ocrx_word' id='word_1_41' title='bbox 366 945 434 1020; x_wconf 86' lang='lat' dir='ltr'><strong>¹quis</strong></span> <span class='ocrx_word' id='word_1_42' title='bbox 448 951 485 1014; x_wconf 79' lang='lat' dir='ltr'><strong>te,</strong></span> <span class='ocrx_word' id='word_1_43' title='bbox 505 945 599 1014; x_wconf 82' lang='lat' dir='ltr'><strong>Musa,</strong></span> <span class='ocrx_word' id='word_1_44' title='bbox 619 945 701 1002; x_wconf 79' lang='lat' dir='ltr'><strong>fuiffe</strong></span> <span class='ocrx_word' id='word_1_45' title='bbox 713 945 819 1022; x_wconf 85' lang='lat' dir='ltr'><strong>potest?</strong></span> 
     </span>
    </p>

    <p class='ocr_par' dir='ltr' id='par_1_7' title="bbox 148 1046 845 1227">
     <span class='ocr_line' id='line_1_9' title="bbox 148 1046 845 1125; baseline -0.004 -18"><span class='ocrx_word' id='word_1_46' title='bbox 148 1048 190 1107; x_wconf 88' lang='lat' dir='ltr'><strong>O!</strong></span> <span class='ocrx_word' id='word_1_47' title='bbox 213 1048 276 1125; x_wconf 88' lang='lat' dir='ltr'><strong>quis</strong></span> <span class='ocrx_word' id='word_1_48' title='bbox 290 1057 318 1106; x_wconf 80' lang='lat' dir='ltr'><strong>te</strong></span> <span class='ocrx_word' id='word_1_49' title='bbox 331 1047 363 1105; x_wconf 91' lang='lat' dir='ltr'><strong>in</strong></span> <span class='ocrx_word' id='word_1_50' title='bbox 375 1047 457 1106; x_wconf 78' lang='lat' dir='ltr'><strong>terrie</strong></span> <span class='ocrx_word' id='word_1_51' title='bbox 469 1047 595 1124; x_wconf 87' lang='lat' dir='ltr'><strong>loquitur</strong></span> <span class='ocrx_word' id='word_1_52' title='bbox 603 1046 756 1124; x_wconf 85' lang='lat' dir='ltr'><strong>jucundior</strong></span> <span class='ocrx_word' id='word_1_53' title='bbox 767 1052 845 1107; x_wconf 87' lang='lat' dir='ltr'><strong>uno?</strong></span> 
     </span>
     <span class='ocr_line' id='line_1_10' title="bbox 187 1151 766 1227; baseline 0.003 -19"><span class='ocrx_word' id='word_1_54' title='bbox 187 1151 253 1209; x_wconf 89' lang='lat' dir='ltr'><strong>Clio</strong></span> <span class='ocrx_word' id='word_1_55' title='bbox 266 1160 327 1208; x_wconf 82' lang='lat' dir='ltr'><strong>tam</strong></span> <span class='ocrx_word' id='word_1_56' title='bbox 338 1160 414 1208; x_wconf 83' lang='lat' dir='ltr'><strong>certe</strong></span> <span class='ocrx_word' id='word_1_57' title='bbox 426 1151 547 1210; x_wconf 81' lang='lat' dir='ltr'><strong>candida</strong></span> <span class='ocrx_word' id='word_1_58' title='bbox 560 1170 618 1209; x_wconf 88' lang='lat' dir='ltr'><strong>non</strong></span> <span class='ocrx_word' id='word_1_59' title='bbox 630 1151 766 1227; x_wconf 85' lang='lat' dir='ltr'><strong>loquitur.</strong></span> 
     </span>
    </p>

    <p class='ocr_par' dir='ltr' id='par_1_8' title="bbox 149 1251 873 1428">
     <span class='ocr_line' id='line_1_11' title="bbox 149 1251 824 1332; baseline -0.004 -19"><span class='ocrx_word' id='word_1_60' title='bbox 149 1251 248 1314; x_wconf 77' lang='lat' dir='ltr'><strong>Quare</strong></span> <span class='ocrx_word' id='word_1_61' title='bbox 260 1255 333 1312; x_wconf 90' lang='lat' dir='ltr'><strong>illud</strong></span> <span class='ocrx_word' id='word_1_62' title='bbox 346 1253 412 1312; x_wconf 81' lang='lat' dir='ltr'><strong>satis</strong></span> <span class='ocrx_word' id='word_1_63' title='bbox 424 1255 472 1326; x_wconf 87' lang='lat' dir='ltr'><strong>est,</strong></span> <span class='ocrx_word' id='word_1_64' title='bbox 493 1255 514 1312; x_wconf 87' lang='lat' dir='ltr'>fi</span> <span class='ocrx_word' id='word_1_65' title='bbox 527 1263 555 1314; x_wconf 88' lang='lat' dir='ltr'><strong>te</strong></span> <span class='ocrx_word' id='word_1_66' title='bbox 567 1253 709 1332; x_wconf 77' lang='lat' dir='ltr'><strong>permittis</strong></span> <span class='ocrx_word' id='word_1_67' title='bbox 721 1255 824 1326; x_wconf 49' lang='lat' dir='ltr'><strong>aman}</strong></span> 
     </span>
     <span class='ocr_line' id='line_1_12' title="bbox 188 1357 873 1428; baseline 0.006 -12"><span class='ocrx_word' id='word_1_68' title='bbox 188 1358 268 1428; x_wconf 91' lang='lat' dir='ltr'>Non,</span> <span class='ocrx_word' id='word_1_69' title='bbox 287 1365 384 1416; x_wconf 86' lang='lat' dir='ltr'><strong>contra</strong></span> <span class='ocrx_word' id='word_1_70' title='bbox 397 1366 431 1416; x_wconf 88' lang='lat' dir='ltr'><strong>ut</strong></span> <span class='ocrx_word' id='word_1_71' title='bbox 444 1359 478 1416; x_wconf 85' lang='lat' dir='ltr'><strong>fit</strong></span> <span class='ocrx_word' id='word_1_72' title='bbox 490 1377 570 1418; x_wconf 85' lang='lat' dir='ltr'><strong>amor</strong></span> <span class='ocrx_word' id='word_1_73' title='bbox 582 1366 698 1417; x_wconf 78' lang='lat' dir='ltr'><strong>mutuus</strong></span> <span class='ocrx_word' id='word_1_74' title='bbox 711 1359 779 1418; x_wconf 86' lang='lat' dir='ltr'><strong>inde</strong></span> <span class='ocrx_word' id='word_1_75' title='bbox 791 1357 873 1425; x_wconf 83' lang='lat' dir='ltr'><strong>mihi.</strong></span> 
     </span>
    </p>
   </div>
   <div class='ocr_carea' id='block_1_3' title="bbox 372 1845 722 1889">
    <p class='ocr_par' dir='ltr' id='par_1_9' title="bbox 372 1845 722 1889">
     <span class='ocr_line' id='line_1_13' title="bbox 372 1845 722 1889; baseline 0.003 -4"><span class='ocrx_word' id='word_1_76' title='bbox 372 1847 407 1885; x_wconf 76' lang='lat' dir='ltr'><strong>m</strong></span> <span class='ocrx_word' id='word_1_77' title='bbox 429 1845 559 1886; x_wconf 79' lang='lat' dir='ltr'><strong>OCTAVII</strong></span> <span class='ocrx_word' id='word_1_78' title='bbox 581 1845 722 1889; x_wconf 66' lang='lat' dir='ltr'>MORTEM·</span> 
     </span>
    </p>
   </div>
   <div class='ocr_carea' id='block_1_4' title="bbox 151 2000 926 2820">
    <p class='ocr_par' dir='ltr' id='par_1_10' title="bbox 152 2000 896 2202">
     <span class='ocr_line' id='line_1_14' title="bbox 152 2000 896 2100; baseline -0.004 -17"><span class='ocrx_word' id='word_1_79' title='bbox 152 2026 235 2083; x_wconf 79' lang='lat' dir='ltr'><strong>Qurs</strong></span> <span class='ocrx_word' id='word_1_80' title='bbox 248 2000 326 2093; x_wconf 82' lang='lat' dir='ltr'><strong>deus,</strong></span> <span class='ocrx_word' id='word_1_81' title='bbox 345 2022 460 2091; x_wconf 67' lang='lat' dir='ltr'><strong>oderi,</strong></span> <span class='ocrx_word' id='word_1_82' title='bbox 481 2031 510 2079; x_wconf 85' lang='lat' dir='ltr'><strong>te</strong></span> <span class='ocrx_word' id='word_1_83' title='bbox 523 2017 605 2080; x_wconf 74' lang='lat' dir='ltr'><strong>nobis</strong></span> <span class='ocrx_word' id='word_1_84' title='bbox 617 2021 748 2080; x_wconf 84' lang='lat' dir='ltr'><strong>abstulit?</strong></span> <span class='ocrx_word' id='word_1_85' title='bbox 769 2041 815 2094; x_wconf 86' lang='lat' dir='ltr'><strong>an,</strong></span> <span class='ocrx_word' id='word_1_86' title='bbox 831 2042 896 2100; x_wconf 81' lang='lat' dir='ltr'><strong>quae</strong></span> 
     </span>
     <span class='ocr_line' id='line_1_15' title="bbox 161 2125 790 2202; baseline -0.002 -18"><span class='ocrx_word' id='word_1_87' title='bbox 161 2145 163 2150; x_wconf 91' lang='lat'>·</span> <span class='ocrx_word' id='word_1_88' title='bbox 189 2126 311 2195; x_wconf 88' lang='lat' dir='ltr'><strong>Dicunt,</strong></span> <span class='ocrx_word' id='word_1_89' title='bbox 330 2125 380 2184; x_wconf 85' lang='lat' dir='ltr'><strong>ah!</strong></span> <span class='ocrx_word' id='word_1_90' title='bbox 403 2125 493 2183; x_wconf 87' lang='lat' dir='ltr'><strong>nimio</strong></span> <span class='ocrx_word' id='word_1_91' title='bbox 506 2127 608 2202; x_wconf 88' lang='lat' dir='ltr'><strong>poeula</strong></span> <span class='ocrx_word' id='word_1_92' title='bbox 621 2125 683 2183; x_wconf 91' lang='lat' dir='ltr'><strong>dira</strong></span> <span class='ocrx_word' id='word_1_93' title='bbox 694 2129 790 2183; x_wconf 86' lang='lat' dir='ltr'><strong>mero?</strong></span> 
     </span>
    </p>

    <p class='ocr_par' dir='ltr' id='par_1_11' title="bbox 151 2228 926 2820">
     <span class='ocr_line' id='line_1_16' title="bbox 151 2228 907 2306; baseline -0.003 -18"><span class='ocrx_word' id='word_1_94' title='bbox 151 2229 241 2288; x_wconf 84' lang='lat' dir='ltr'>Vobis</span> <span class='ocrx_word' id='word_1_95' title='bbox 254 2229 275 2286; x_wconf 92' lang='lat' dir='ltr'>fi</span> <span class='ocrx_word' id='word_1_96' title='bbox 287 2229 371 2306; x_wconf 86' lang='lat' dir='ltr'><strong>culpa</strong></span> <span class='ocrx_word' id='word_1_97' title='bbox 380 2229 423 2285; x_wconf 88' lang='lat' dir='ltr'><strong>&#39;est</strong></span> <span class='ocrx_word' id='word_1_98' title='bbox 435 2228 516 2286; x_wconf 92' lang='lat' dir='ltr'><strong>bilis:</strong></span> <span class='ocrx_word' id='word_1_99' title='bbox 538 2228 587 2286; x_wconf 89' lang='lat' dir='ltr'><strong>sua</strong></span> <span class='ocrx_word' id='word_1_100' title='bbox 598 2247 741 2305; x_wconf 86' lang='lat' dir='ltr'><strong>quemque</strong></span> <span class='ocrx_word' id='word_1_101' title='bbox 752 2228 907 2305; x_wconf 78' lang='lat' dir='ltr'><strong>sequuntur</strong></span> 
     </span>
     <span class='ocr_line' id='line_1_17' title="bbox 191 2313 879 2409; baseline -0.003 -20"><span class='ocrx_word' id='word_1_102' title='bbox 191 2333 273 2402; x_wconf 85' lang='lat' dir='ltr'>Fata;</span> <span class='ocrx_word' id='word_1_103' title='bbox 295 2332 372 2407; x_wconf 94' lang='lat' dir='ltr'><strong>quod</strong></span> <span class='ocrx_word' id='word_1_104' title='bbox 384 2331 512 2389; x_wconf 89' lang='lat' dir='ltr'><strong>inmeriti</strong></span> <span class='ocrx_word' id='word_1_105' title='bbox 524 2331 633 2390; x_wconf 84' lang='lat' dir='ltr'><strong>crimen</strong></span> <span class='ocrx_word' id='word_1_106' title='bbox 645 2331 754 2390; x_wconf 84' lang='lat' dir='ltr'><strong>habent</strong></span> <span class='ocrx_word' id='word_1_107' title='bbox 766 2313 879 2409; x_wconf 70' lang='lat' dir='ltr'><strong>cyethi?</strong></span> 
     </span>
     <span class='ocr_line' id='line_1_18' title="bbox 152 2434 926 2510; baseline 0.003 -18"><span class='ocrx_word' id='word_1_108' title='bbox 152 2434 261 2510; x_wconf 85' lang='lat' dir='ltr'><strong>Scripta</strong></span> <span class='ocrx_word' id='word_1_109' title='bbox 274 2435 391 2509; x_wconf 89' lang='lat' dir='ltr'><strong>quidem</strong></span> <span class='ocrx_word' id='word_1_110' title='bbox 405 2443 453 2492; x_wconf 87' lang='lat' dir='ltr'><strong>tua</strong></span> <span class='ocrx_word' id='word_1_111' title='bbox 466 2453 517 2492; x_wconf 90' lang='lat' dir='ltr'><strong>nos</strong></span> <span class='ocrx_word' id='word_1_112' title='bbox 529 2435 654 2494; x_wconf 88' lang='lat' dir='ltr'><strong>multum</strong></span> <span class='ocrx_word' id='word_1_113' title='bbox 667 2435 844 2504; x_wconf 86' lang='lat' dir='ltr'><strong>mirabimur,</strong></span> <span class='ocrx_word' id='word_1_114' title='bbox 856 2443 886 2494; x_wconf 86' lang='lat' dir='ltr'><strong>et</strong></span> <span class='ocrx_word' id='word_1_115' title='bbox 896 2443 926 2494; x_wconf 77' lang='lat' dir='ltr'><strong>te</strong></span> 
     </span>
     <span class='ocr_line' id='line_1_19' title="bbox 191 2537 859 2614; baseline 0.001 -20"><span class='ocrx_word' id='word_1_116' title='bbox 191 2539 326 2614; x_wconf 87' lang='lat' dir='ltr'><strong>Raptum,</strong></span> <span class='ocrx_word' id='word_1_117' title='bbox 346 2547 375 2594; x_wconf 87' lang='lat' dir='ltr'><strong>et</strong></span> <span class='ocrx_word' id='word_1_118' title='bbox 388 2538 690 2608; x_wconf 83' lang='lat' dir='ltr'><strong>Romanamflebimus</strong></span> <span class='ocrx_word' id='word_1_119' title='bbox 702 2537 859 2598; x_wconf 84' lang='lat' dir='ltr'><strong>historiam:</strong></span> 
     </span>
     <span class='ocr_line' id='line_1_20' title="bbox 153 2639 865 2711; baseline -0.001 -13"><span class='ocrx_word' id='word_1_120' title='bbox 153 2641 206 2698; x_wconf 87' lang='lat' dir='ltr'><strong>Sed</strong></span> <span class='ocrx_word' id='word_1_121' title='bbox 221 2648 253 2698; x_wconf 87' lang='lat' dir='ltr'><strong>tu</strong></span> <span class='ocrx_word' id='word_1_122' title='bbox 265 2641 360 2698; x_wconf 87' lang='lat' dir='ltr'><strong>nullus</strong></span> <span class='ocrx_word' id='word_1_123' title='bbox 371 2641 436 2700; x_wconf 84' lang='lat' dir='ltr'><strong>eris.</strong></span> <span class='ocrx_word' id='word_1_124' title='bbox 477 2641 607 2710; x_wconf 84' lang='lat' dir='ltr'><strong>Perverfi,</strong></span> <span class='ocrx_word' id='word_1_125' title='bbox 627 2641 724 2711; x_wconf 87' lang='lat' dir='ltr'><strong>dicite,</strong></span> <span class='ocrx_word' id='word_1_126' title='bbox 734 2639 865 2709; x_wconf 52' lang='lat' dir='ltr'><strong>&#39;Maness</strong></span> 
     </span>
     <span class='ocr_line' id='line_1_21' title="bbox 193 2743 796 2820; baseline 0.015 -20"><span class='ocrx_word' id='word_1_127' title='bbox 193 2745 280 2801; x_wconf 86' lang='lat' dir='ltr'><strong>Hunc</strong></span> <span class='ocrx_word' id='word_1_128' title='bbox 291 2743 429 2820; x_wconf 84' lang='lat' dir='ltr'><strong>supereffe</strong></span> <span class='ocrx_word' id='word_1_129' title='bbox 439 2743 515 2820; x_wconf 84' lang='lat' dir='ltr'><strong>patri</strong></span> <span class='ocrx_word' id='word_1_130' title='bbox 527 2763 591 2820; x_wconf 85' lang='lat' dir='ltr'><strong>quae</strong></span> <span class='ocrx_word' id='word_1_131' title='bbox 603 2743 660 2805; x_wconf 79' lang='lat' dir='ltr'><strong>fuit</strong></span> <span class='ocrx_word' id='word_1_132' title='bbox 672 2743 796 2809; x_wconf 71' lang='lat' dir='ltr'><strong>invidia?</strong></span> 
     </span>
    </p>
   </div>
   <div class='ocr_carea' id='block_1_5' title="bbox 0 0 1134 3584">
    <p class='ocr_par' dir='ltr' id='par_1_12' title="bbox 0 0 1134 3584">
     <span class='ocr_line' id='line_1_22' title="bbox 0 0 1134 3584; baseline 0 0"><span class='ocrx_word' id='word_1_133' title='bbox 0 0 1134 3584; x_wconf 95' lang='lat' dir='ltr'><strong> </strong></span> 
     </span>
    </p>
   </div>
  </div>
 </body>
</html>
