2236 3584
193 171 249 236 ¹92
441 168 721 258 AENE1D1QS,
879 177 1001 254 epm„

190 317 376 400 suscepitque
387 318 487 402 iguem
500 327 586 397 soliis,
606 335 693 404 atque
708 323 786 384 arida
799 321 910 382 circum

188 417 377 483 Nutrimenta
390 427 479 498 dedit,
492 429 645 507 rapuitque
657 429 690 486 in
701 427 804 486 fomite
816 426 976 504 flammam,

186 524 265 584 'lum
274 527 421 600 Cererem,
429 542 599 608 conruptam
610 531 702 600 undis,
714 512 898 604 Cerealiaque
908 517 999 588 arma¹

169 624 362 706 'Expediunu
382 631 567 715 ΜΨ
588 635 742 711 frugesque
755 627 883 707 receptas

107 731 109 734 ’
185 731 224 789 Et
238 741 343 792 torrere
355 745 456 811 parant
468 735 601 807 flammis,
622 745 652 794 et
664 735 796 812 frangere
809 733 887 791 saxo.

166 905 171 912 ἡ
224 835 334 893 AEneas
347 835 495 914 scopulum
507 837 616 896 interea
629 835 803 906 conscendit,
823 844 854 892 et
866 850 984 892 omnem

185 935 368 1014 Prospedum
378 939 436 996 late
448 940 550 1016 pelago
563 939 651 1016 petit5
672 939 789 996 Anthea
802 937 825 994 fi
836 955 924 1012 quem

184 1039 329 1116 Jadtatum
342 1049 428 1099 vento
441 1041 547 1111 videat,
568 1041 758 1118 Phrygiasque
771 1039 897 1108 biremis,

183 1143 248 1202 Aut
261 1141 372 1219 Capyn,
393 1151 443 1200 ant
456 1144 535 1201 celsis
547 1143 578 1200 in
590 1143 733 1220 puppibus
746 1160 823 1200 arma
837 1139 929 1199 Caici.

184 1243 299 1301 Navem
312 1244 343 1300 in
356 1244 508 1322 conspestu
522 1245 644 1304 nullam:
667 1245 718 1302 tris
730 1244 815 1302 litore
827 1261 924 1302 cervos

182 1345 321 1422 Prospicit
333 1347 453 1405 errantis
457 1372 466 1420 3
488 1348 540 1406 hos
554 1358 613 1406 tota
626 1357 754 1406 armenta
766 1347 924 1423 sequuntur

181 1448 212 1506 A
225 1457 316 1524 tergo,
336 1459 366 1506 et
378 1450 499 1528 longum
511 1470 563 1528 per
574 1451 655 1510 vallis
667 1450 794 1528 pascitur
805 1467 922 1526 agmen.

181 1551 316 1608 Constitit
329 1551 387 1624 hic,
408 1571 562 1630 arcumque
575 1572 663 1612 mauu
675 1552 829 1628 celerisque
843 1550 965 1627 sagittas.

178 1653 350 1732 Comipuit3
372 1655 446 1713 fidus
459 1675 524 1732 quae
537 1656 594 1714 tela
608 1655 724 1732 gerebat
737 1631 876 1714 Achates:

178 1755 376 1832 Dudoresque
388 1757 462 1834 ipsos
474 1757 610 1835 primum,
630 1757 724 1834 capita
737 1756 795 1815 alta
808 1754 926 1814 ferentis
985 1816 987 1820 .

178 1859 322 1918 Cornibus
334 1859 467 1930 arboreis,
480 1860 578 1918 sternit
582 1885 592 1932 3
613 1869 677 1918 tum
691 1859 804 1937 volgus3
818 1868 848 1917 et
860 1877 977 1917 omnem

178 1961 285 2020 Miscet
298 1981 384 2039 agens
397 1963 461 2020 telis
475 1981 592 2020 nemora
605 1961 681 2020 iuter
693 1962 812 2020 frondea
825 1963 948 2020 turbam.

177 2063 242 2123 Noc
255 2065 331 2142 prius
344 2065 458 2134 absistit,
478 2085 565 2142 quam
579 2063 688 2142 septem
700 2063 831 2141 ingentia
845 2063 933 2122 vidior

177 2167 304 2244 Corpora
321 2168 425 2226 fundat
442 2168 534 2240 humi,
553 2165 584 2227 et
597 2185 750 2226 numerum
766 2185 834 2224 cum
853 2166 975 2224 navibus

133 2311 140 2322 .
254 2281 384 2346 aequets·

177 2371 257 2430 Hinc
269 2381 384 2448 portum
396 2371 480 2448 petit,
499 2380 529 2429 et
541 2371 629 2430 socios
641 2371 764 2448 partitur
776 2371 807 2428 in
820 2371 923 2429 omnis.

176 2474 253 2533 Vina
266 2475 357 2532 bonus
370 2493 434 2550 quae
445 2473 551 2532 deinde
563 2474 639 2532 cadis
653 2484 785 2532 onerarat
796 2473 911 2535 Acesta

176 2577 274 2636 Litore
285 2576 446 2646 Trinacrio,
465 2577 637 2653 dederatque
650 2577 821 2634 abeuntibus
834 2577 925 2649 heros,
954 2615 957 2622 ‚

174 2681 297 2749 Dividit,
316 2690 347 2738 et
360 2679 442 2739 diuis
455 2664 602 2738 maerentia
615 2679 727 2757 pestora
740 2681 863 2739 mulcet:

213 2785 242 2842 O
256 2783 340 2842 socii!
363 2802 457 2859 neque
474 2781 554 2842 enirn
571 2781 666 2860 ignari
681 2783 783 2840 'sumus
800 2792 868 2841 ante
880 2782 978 2854 malo,

289 2905 364 2956 rum,
983 2871 986 2878 ’

173 2989 203 3048 O
216 2988 284 3066 paffi
299 2987 440 3066 graviora!
463 2987 543 3047 dabit
555 2988 623 3046 deus
636 2987 681 3046 his
695 3007 808 3065 quoque
821 2989 919 3048 finem.

88 3141 90 3146 .
173 3091 232 3150 Vos
246 3099 276 3150 et
288 3091 436 3168 Scyilaeam
450 3090 566 3160 rabiem,
586 3091 757 3168 penitusque
770 3091 896 3150 sonantis
