2236 3584
188 207 246 270 nt
420 199 751 280 GEORGICOnL
877 211 984 270 enar:

186 363 235 423 Bie
247 361 379 442 gravidos
391 371 500 441 cogunt
513 364 599 433 fetus,
618 365 677 422 dno
690 372 818 443 tempora
831 365 937 435 meffisa

94 533 97 540 ¹
185 459 317 546 Taygete
330 467 414 526 fimul
426 487 457 526 oa
471 466 553 526 terris
565 467 688 524 ostendit
699 467 849 526 honestum

185 571 268 641 Plias,
289 579 319 630 et
332 570 442 630 Oceani
455 571 561 648 spretos
572 571 646 647 pede
657 571 764 647 repulit
776 570 882 642 amnis;

184 675 250 733 Ant
262 675 363 734 eadem
375 675 449 732 fidus
461 674 577 751 fugiens
589 673 641 732 ubi
654 673 741 733 Piscis
754 674 849 750 aquosi

184 778 303 836 Tristior
315 777 448 836 hibernas
460 777 533 836 eoelo
546 777 692 835 descendit
705 777 737 835 in
749 779 850 836 undas.

213 879 285 939 ¹illia
297 881 340 940 ira
353 882 474 939 modum
486 880 571 957 snpra
584 880 632 949 est,
651 879 781 956 laesaeque
792 863 939 940 venenum

183 983 325 1044 Morsrbus
337 983 486 1062 inspirant,
506 992 537 1042 et
549 981 657 1061 spicula
669 1001 744 1042 caece
757 983 927 1060 relinquunt

171 1087 298 1174 'Adfixae
311 1087 400 1157 venis,
420 1087 586 1164 animasque
598 1087 629 1144 in
642 1087 757 1146 volnere
770 1097 893 1165 ponunt.
976 1083 979 1088 ’

221 1191 272 1250 Sin
285 1193 386 1249 duram
398 1197 508 1248 metues
520 1190 656 1261 hiemem,
675 1209 829 1268 parcesque
841 1191 950 1262 futuro,
976 1216 981 1254 ,-

182 1293 381 1370 Contusosqne
394 1295 504 1352 animos
517 1302 546 1352 et
559 1311 603 1352 res
612 1293 784 1352 miserabere
797 1294 913 1365 fredam

180 1398 226 1455 At
238 1397 334 1456 suffire
347 1397 459 1474 thymo,
477 1415 610 1474 cerasque
623 1397 748 1455 recidere
761 1395 864 1469 inania,

182 1499 258 1558 Quis
270 1500 401 1558 dubitet?
423 1519 491 1558 nam
503 1500 577 1578 saepe
589 1501 668 1558 savos
681 1500 799 1576 ignotus
811 1500 909 1558 adedit

181 1603 296 1675 atenim
317 1611 347 1660 et
360 1603 496 1680 lucifugis
509 1603 641 1682 congesta
654 1602 761 1661 cubilia
773 1603 871 1662 blattis
877 1626 887 1674 3

179 1707 370 1783 inmaniaque
383 1707 482 1765 sedens
495 1707 588 1765 aliena
601 1708 636 1764 ad
650 1705 756 1783 pabula
769 1705 861 1778 fucus,

179 1812 244 1868 Ant
256 1809 337 1887 asper
348 1811 450 1868 crabro
462 1810 610 1887 inparibus
623 1810 652 1868 se
664 1809 813 1868 inmiscuit
825 1807 924 1881 armis;

178 1914 243 1970 Ant
255 1913 361 1983 dirum,
381 1913 475 1984 tineae,
496 1932 601 1990 genum
623 1922 673 1972 aut
685 1913 777 1973 invisa
790 1913 939 1974 Minervae.

178 2009 272 2075 Lanos
284 2016 316 2074 in
329 2015 439 2074 foribus
452 2015 599 2094 suspendit
613 2035 715 2076 aranea
727 2016 821 2076 casses.

179 2119 250 2176 Quo
262 2119 355 2195 magis
367 2119 510 2178 exhaustae
522 2120 640 2190 fuerint,
660 2120 715 2178 hoc
728 2119 820 2178 aerina
831 2136 931 2178 omnes

178 2217 353 2280 Incumbent
366 2222 479 2299 generis
491 2222 560 2302 lapfi
574 2222 675 2281 sarcire
687 2221 794 2292 ruinas,

178 2325 519 2405 Conplebnntqueforos‚
538 2335 567 2384 et
581 2325 698 2384 floribus
710 2324 811 2384 horrea
824 2333 932 2384 terent.

184 2467 188 2478 ·
216 2429 246 2486 Si
258 2447 334 2500 vero,
355 2428 492 2505 qnoniam
504 2429 582 2488 casus
594 2429 695 2506 apibus
708 2447 823 2505 qnoque
835 2428 943 2486 nostros

175 2531 245 2590 Vita
259 2532 338 2603 tulit,
358 2532 430 2589 tristi
442 2532 621 2609 languebunt
633 2551 749 2608 corpora
761 2533 876 2604 morum
970 2539 973 2544 '
1044 2520 1051 2532 ’

177 2637 266 2692 Quod
275 2633 337 2712 jam
349 2653 408 2692 non
421 2635 516 2693 dubiis
528 2635 634 2712 poteris
646 2635 816 2712 cognoscere
829 2634 932 2712 sagnisr

176 2739 339 2813 (Continuo
351 2739 391 2796 est
404 2739 486 2816 aegris
499 2739 572 2798 alins
584 2739 662 2796 color
666 2764 674 2810 3
696 2738 935 2796 horrida‘vnitum

175 2841 329 2902 Deformat
341 2841 460 2914 maciem
482 2853 545 2900 tum
558 2860 674 2919 corpora
687 2841 751 2908 luce
763 2849 911 2900 carentum
974 2877 978 2890 ·

174 2943 335 3020 Expertant
348 2945 438 3013 teffis,
456 2953 488 3003 et
501 2944 590 3003 tristia
603 2945 705 3002 funcra
717 2945 840 3016 ducunt;

173 3046 238 3104 Aut
249 3047 308 3104 illae
319 3048 439 3124 pedibus
449 3065 589 3106 connexae
601 3049 638 3105 ad
649 3047 750 3114 iimina
763 3047 899 3124 pendent,
971 3046 978 3098 .'

122 3158 125 3162 '
175 3148 796 3244 autntusclaufiscuneanturinaeoibua‚
809 3165 908 3208 omues
1104 3179 1105 3186 κ
