2236 3584
162 199 221 296 aa..
397 199 728 270 esouercon,
850 205 979 270 aera,

162 355 291 416 Pascitur
303 357 384 434 itque
395 375 482 434 pecus
494 358 581 434 longa
594 357 624 416 in
637 356 756 424 deserta,
776 355 835 414 sine
847 321 914 412 uitii

110 521 113 530 ,
163 461 316 537 Hospitiis:
339 470 453 518 tantum
465 461 559 537 campi
567 460 655 537 jaceti
678 459 786 518 Omnia
798 459 895 530 secum

163 564 363 624 Armentarius
376 565 450 622 Aser
462 564 533 641 agit,
553 565 728 640 testumque,
750 547 919 639 Laremque,

112 671 114 678 ’
163 669 320 744 Armaque,
357 667 596 746 Amyclaeumque
628 685 739 738 canem,
776 666 960 743 Cressamque

241 771 413 848 pharetram.

163 875 233 934 Non
246 875 325 934 secus
337 895 370 932 ac
382 873 481 952 patriis
493 894 557 934 acer
570 876 715 932 Romanus
727 874 759 932 in
772 875 869 935 armis,

163 977 270 1056 Injuiio
283 979 335 1038 sub
349 977 425 1037 fasce
437 979 514 1036 viam
525 999 616 1054 quum
629 979 730 1055 carpit,
749 987 779 1036 et
792 978 865 1036 hosti

164 1085 243 1144 Ante
256 1083 449 1158 exspectatum
462 1083 558 1159 posrtis
571 1083 624 1140 stat
642 1081 675 1140 in
687 1083 803 1158 agmine
816 1081 919 1140 castris.

202 1188 246 1244 At
259 1205 326 1254 nou,
345 1186 404 1266 qui
417 1185 539 1262 Scythiae
555 1195 664 1262 gentes.
684 1185 860 1261 Maeotiaque
872 1186 972 1261 unda,

163 1290 309 1348 Turbidus
322 1299 352 1347 et
365 1299 499 1365 torquens
511 1289 642 1348 flaventis
655 1289 752 1348 Hister
763 1308 869 1358 arenas,

165 1392 290 1469 Quaque
298 1393 372 1451 redit
381 1393 510 1452 medium
518 1393 656 1469 Rhodope
665 1392 851 1470 porresiasub
860 1411 960 1454 axem:

163 1496 229 1558 lllic
241 1496 335 1554 clausa
348 1506 448 1554 tenent
460 1496 575 1554 stabulis
587 1505 728 1569 armenta,
749 1515 843 1573 neque
854 1497 922 1554 ullae

154 1591 228 1660 'Aut
244 1601 340 1658 herbae
351 1613 455 1676 'campo
468 1603 615 1677 adparent,
635 1609 686 1658 aut
699 1601 798 1658 arbore
811 1599 938 1662 fronde:
954 1651 957 1660 .

163 1703 218 1762 Sed
226 1701 304 1780 jacet
318 1704 470 1782 aggeribus
482 1703 576 1762 niveis
588 1694 718 1770 infirmis
731 1712 761 1762 et
773 1704 833 1762 aito

162 1807 251 1866 Terra
265 1807 333 1885 gelu
345 1808 411 1877 late,
431 1807 598 1884 septemque
612 1807 741 1884 adsurgit
753 1807 785 1866 in
798 1807 894 1866 ulnas:
956 1859 964 1868 .

164 1911 281 1989 Semper
293 1911 395 1980 hiems,
416 1911 526 1988 semper
539 1911 675 1988 spirantes
688 1911 795 1987 frigora
808 1909 905 1968 Cauri.
956 1965 965 1972 .,

161 2015 240 2072 Tum
254 2014 300 2074 Sei
314 2015 447 2091 patientis
459 2015 537 2074 haud
550 2033 688 2091 umquam
701 2013 817 2072 discutit
831 2015 959 2086 umbras,

162 2119 227 2176 Nec
240 2137 331 2194 quum
344 2118 474 2178 invenus
486 2118 567 2194 equis
580 2120 671 2178 altum
686 2117 761 2195 petit
773 2117 887 2188 aethera,
908 2135 967 2176 nec·

241 2241 333 2298 quum
915 2205 917 2209 ¹

163 2325 342 2402 Praecipitem
354 2325 465 2404 Oceani
477 2328 564 2386 rubro
576 2327 646 2384 lavit
658 2344 772 2402 aequore
784 2333 910 2386 currum.

165 2429 361 2490 Concrescunt
374 2430 476 2488 subitae
488 2430 615 2488 currenti
627 2431 656 2486 in
671 2431 792 2488 flumine
804 2427 912 2498 crustae,
961 2437 966 2442 “

164 2533 308 2608 Undaque
318 2531 378 2610 jam
393 2545 474 2610 tergo
489 2535 607 2592 ferratos
616 2532 737 2590 sustinet
750 2532 834 2602 orbis,
954 2541 969 2590 .’

164 2637 308 2714 Puppibus
321 2637 371 2694 illa
382 2638 460 2714 prius
472 2637 588 2714 patulis,
603 2655 680 2694 nunc
693 2635 803 2713 hospita
816 2634 967 2712 plaustrisas

163 2739 292 2814 AEraque
305 2739 446 2796 dissiliunt
459 2740 554 2816 volgo,
573 2740 717 2814 vestesque
729 2739 875 2814 rigescunt
960 2749 970 2762 ”

163 2843 285 2914 indutu,
307 2843 479 2919 ceduntque
492 2843 636 2900 securibus
650 2841 769 2900 humida
784 2843 858 2913 vina,

164 2943 202 3002 Et
215 2955 281 3013 totae
293 2944 411 3013 ‚solidam
425 2945 457 3002 in
471 2946 591 3021 glaciem
604 2954 714 3003 vertere
726 2945 846 3014 lacunre,

71 3077 74 3082 ·
164 3046 308 3122 Stiriaque
320 3048 433 3124 inpexis
446 3047 576 3105 induruit
589 3046 702 3104 horrida
716 3046 819 3106 barbis.

164 3149 277 3207 Interea
291 3158 352 3223 toto
367 3167 425 3208 non
439 3146 528 3208 secius
541 3149 606 3220 aire
619 3147 751 3235 ninguit:
785 3207 786 3212 ,
