2194 3584
131 230 193 295 ’78
287 233 290 242 “
384 225 712 296 GEORGICON,
838 228 945 283 seddi.

156 379 236 437 Quas
249 380 366 440 animosr
375 383 443 441 Euri
454 381 566 442 edfidue
577 383 771 460 franguntque
783 378 945 455 feruntque,

154 481 233 542 Dant
246 483 315 542 alios
328 485 391 542 aliae
404 486 492 557 fetus;
515 487 584 543 dant
597 485 668 542 utile
681 483 794 559 liguum

154 583 185 640 N
187 584 287 660 avigiis
298 587 389 663 pinos,
403 587 541 646 'domibus
554 589 727 661 cedrumque
740 583 945 661 cupresl'osque.

153 685 234 746 Hinc
246 688 338 746 radios
351 688 453 746 trivere
466 689 544 757 rotis,
563 689 632 746 hinc
645 697 779 764 tympana
791 685 918 764 phustris

154 787 307 864 Agricolae,
328 798 357 846 et
368 791 473 866 pandas
486 790 593 848 ratibus
605 789 722 866 posuere
735 787 853 846 carinas.
904 855 906 860 ¹

154 888 318 947 viminibus
331 889 427 948 salices
439 892 578 960 secundae,
598 890 746 948 frondibus
759 889 832 946 ulmi
836 914 845 960 ς

156 992 197 1051 At
209 1000 318 1068 myrtus
330 992 430 1050 validis
443 993 599 1062 hastilibus,
618 1001 656 1061 et,
668 995 742 1050 bona
756 991 840 1062 bello,

155 1094 278 1165 Comus,
300 1095 417 1152 Ituraeos
431 1094 490 1153 tasi
503 1103 670 1170 torquentur
682 1093 714 1151 in
727 1113 816 1151 arcus.

154 1194 218 1253 Nec
233 1195 301 1252 tiliae
313 1196 396 1265 leuce,
410 1205 459 1253 aut
471 1205 554 1254 torno
566 1195 645 1254 rafile
657 1197 777 1264 buxum,

153 1295 223 1354 Non
236 1297 356 1355 formam
368 1298 526 1374 adcipiunt,
538 1299 670 1373 serroque
683 1307 819 1356 cavantur
831 1305 924 1358 acuto.

154 1399 219 1456 Nec
232 1417 289 1456 non
303 1408 332 1457 et
345 1409 499 1458 torrentem
510 1401 618 1458 undam
630 1400 699 1457 levis
712 1400 824 1458 innatat
836 1401 925 1470 alneu,

154 1500 238 1560 Missa
251 1502 339 1572 Pa'd03
362 1519 415 1559 nec
427 1521 485 1560 non
497 1511 527 1558 et
539 1521 604 1578 apes
617 1501 748 1560 examina
762 1500 891 1560 condunt
992 1517 994 1524 “

154 1602 372 1679 Corticibusque
384 1599 459 1660 cavis
471 1603 635 1679 vitiosaeque
651 1603 725 1661 ilicis
738 1605 827 1662 alveo.

155 1705 236 1764 Quid
248 1707 462 1763 memorandum
473 1725 554 1781 aeque
563 1705 702 1764 Baccheia
713 1707 787 1764 dona
800 1697 942 1766 tulerunt?

153 1807 281 1866 Bacchus
294 1818 323 1864 et
335 1810 372 1865 ad
383 1809 497 1884 culpam
509 1807 613 1865 caussas
629 1807 708 1865 dedit
713 1832 722 1878 ;
743 1807 792 1865 ille
805 1808 926 1870 furentis

154 1911 311 1978 Centauros
323 1909 381 1967 leto
394 1910 515 1978 domuit,
535 1909 728 1984 Rhoetumque
740 1909 925 1987 Pholumque,

154 2011 191 2069 Et
203 2031 308 2088 magno
322 2012 458 2087 Hylaeum
472 2011 601 2087 Lapithis
616 2019 723 2068 cratere
736 2010 905 2071 minantem.

191 2113 220 2170 Ο
233 2113 391 2170 fortunatos
404 2112 536 2181 nimium,
557 2112 606 2169 sua
620 2112 640 2169 fi
654 2115 727 2170 bona
740 2113 845 2183 norint,

153 2216 315 2293 Agricolas!
338 2215 441 2291 quibus
453 2214 521 2290 ipsa,
534 2215 633 2290 procul
645 2215 819 2273 discordibus
831 2216 926 2288 anuis,

153 2318 259 2376 Fundit
271 2317 360 2374 humo
372 2316 488 2374 facilem
500 2317 607 2373 victum
616 2315 762 2393 justissima
776 2317 868 2376 tellus.

153 2419 183 2478 Si
196 2438 253 2476 non
266 2419 414 2494 ingentem
426 2417 534 2476 foribus
547 2418 646 2474 domus
659 2417 715 2474 alta
728 2416 855 2494 superbis

153 2522 243 2580 Mane
255 2520 428 2578 salutantum
442 2520 508 2578 totis
521 2519 612 2576 vomit
624 2519 732 2576 aedibus
743 2520 865 2591 undam,

124 2681 128 2696 ,
153 2623 218 2686 Nec
231 2621 322 2681 varios
334 2621 447 2679 inhiant
459 2620 577 2698 pulchrd
590 2620 728 2678 testudine
739 2622 838 2696 postes,

153 2723 318 2801 Inlusasque
331 2742 399 2782 auro
411 2722 502 2790 vestis,
522 2722 721 2798 Ephyreiaque
734 2741 804 2794 aera,

153 2829 230 2888 Alba
244 2847 336 2904 neque
348 2827 461 2902 Assyrio
474 2826 588 2883 fucatur
598 2825 662 2882 lana
675 2843 794 2896 veneno,

153 2930 218 2989 Nec
230 2929 302 2987 cafid
314 2928 419 3004 liquidi
431 2926 629 3002 conrumpitur
641 2924 705 2982 usus
718 2925 800 2986 oliti:

154 3034 197 3090 At
209 3031 303 3092 secura
315 3030 404 3107 quies,
424 3039 454 3088 et
467 3027 560 3086 nescia
572 3027 671 3085 fallere
684 3028 752 3097 vita,

153 3132 242 3194 Dives
253 3151 341 3212 opum
353 3131 495 3206 sativum
500 3155 510 3203 i
531 3139 561 3189 at
572 3129 639 3188 latis
649 3129 708 3188 otia
722 3130 828 3200 fundis,
