2236 3584
182 237 240 296 rau
381 223 385 232 '
479 233 682 296 CULEXJ
887 237 985 304 vcra:

180 387 395 469 Pollenternque
408 391 469 462 fibi,
488 393 575 452 viridi
587 393 654 451 curn
666 389 785 470 palmite
797 373 901 448 ludens
979 395 984 402 '

178 493 294 552 Tmolia
307 494 462 571 pampineo
474 495 572 552 subter
583 513 665 552 coma
678 494 754 552 velat
765 491 884 550 amidu.
947 474 951 479 ’

181 595 230 654 Illi
243 591 309 654 'sunt
321 615 424 668 vaccar,
444 605 475 654 et
486 597 698 668 rorantesladte
711 595 838 672 capellae,

179 699 219 756 Et
232 713 342 767 nemus,
362 708 392 756 et
404 699 527 758 fecunda
541 699 629 770 Pales,
649 707 679 758 et
691 698 812 757 vallibus
824 695 891 754 imis

181 802 298 878 Semper
310 797 408 878 opaca,
428 802 510 860 novis
522 803 669 861 manantia
682 800 820 870 fontibus,
839 809 930 858 antra.

141 969 143 976 y
181 903 258 962 Quis
270 898 473 981 magia'optato
485 915 572 980 queat
582 905 638 962 elie
650 903 841 974 beatiorem,

149 1029 151 1036 ·
171 1006 281 1064 'Quam
292 1006 343 1082 qul
355 1015 453 1064 mente
464 1007 564 1084 procul
577 1008 658 1084 pura,
672 1005 809 1082 sensuque
822 1005 980 1082 probando,

180 1109 250 1166 Non
264 1108 359 1166 avidas
373 1109 491 1185 agnovit
503 1129 582 1186 opes;
604 1127 663 1167 non
676 1108 765 1167 tristia
777 1108 862 1176 bella,

180 1205 249 1268 Nee
258 1211 370 1268 funesta
383 1209 467 1268 timet
480 1211 581 1270 validae
593 1212 750 1270 certamina
763 1210 867 1282 claffis3

180 1313 261 1382 Non,
281 1313 377 1389 spoliis
390 1314 460 1371 dum
473 1313 568 1373 sanna
580 1315 668 1372 deum
681 1313 860 1390 fulgentibus
872 1321 955 1370 ornet

180 1415 311 1491 Templa,
325 1415 371 1474 vel
385 1416 497 1474 evetius
509 1415 599 1474 finem
612 1417 792 1474 transcendat
804 1415 940 1482 habendi.⁴
1053 1419 1059 1435 '

137 1497 138 1502 ἵ
180 1516 342 1575 Adversum
354 1517 433 1575 saevis
447 1517 521 1576 ultro
534 1527 620 1594 caput
633 1518 757 1577 hostibus
768 1517 861 1576 offert.

180 1619 230 1676 Illi
243 1620 317 1677 falce
330 1621 399 1678 dens
412 1620 525 1690 colitur,
544 1639 603 1678 non
617 1621 688 1689 arte,'
705 1619 812 1698 politus
819 1645 829 1692 3

180 1721 236 1780 Ille
249 1721 319 1780 colit
331 1715 423 1794 lucos3
445 1721 490 1779 illi
503 1723 645 1781 Panchaia
660 1733 732 1792 tura,

180 1823 312 1882 Floribus
324 1819 445 1902 agrestes
457 1824 553 1884 berbae
565 1826 751 1897 variantibus,
770 1825 873 1907 adsunt
877 1849 888 1900 ς

181 1927 230 1986 Illi
242 1927 335 1986 dulcis
347 1928 425 1986 adest
436 1927 556 2004 requies,
577 1937 607 1986 et
619 1947 690 2005 pura
703 1929 843 2006 voluptas,

182 2029 287 2088 Libera
298 2029 462 2088 vindicibus
475 2029 563 2088 curis:
585 2026 642 2088 huo
655 2027 788 2100 inminet,
808 2031 903 2089 omnis

180 2133 293 2210 Dirigit
305 2124 363 2192 buc
375 2128 480 2203 sensus,
500 2133 563 2191 haec
575 2151 642 2192 cura
654 2134 694 2191 est
706 2132 819 2192 subdita
831 2133 921 2205 cordi,

183 2235 326 2294 Quolibet
338 2229 372 2294 ut
384 2235 483 2311 requie
495 2235 574 2294 sidtu
587 2244 739 2294 contentus
752 2237 887 2306 abundet,

181 2339 372 2416 Jucundoque
384 2338 456 2415 liget
469 2338 636 2415 languentia
649 2357 766 2415 corpora
779 2337 888 2398 somno.

181 2441 210 2500 Ο
222 2441 357 2520 pecudes!
380 2461 398 2498 ο
411 2442 512 2499 Panes!
535 2450 565 2499 et
577 2461 595 2498 o
606 2441 746 2499 laetiffima
758 2441 869 2518 Tempe
945 2499 947 2506 χ

180 2535 300 2604 Frondis
312 2545 562 2622 Hamadryadum!
584 2563 705 2621 quarum
720 2562 778 2602 non
795 2544 886 2602 divite
898 2545 980 2604 cultu
1057 2535 1063 2548 ⁸

180 2649 319 2708 AEmulus
332 2648 447 2706 Ascraeo
460 2647 552 2725 pastor
563 2642 616 2705 ¹fibi
629 2647 749 2723 quisque
761 2648 854 2724 podtae
930 2651 932 2656 '

182 2752 316 2810 securam
329 2751 443 2828 placido
455 2750 580 2809 traducit
592 2749 705 2826 pedore
717 2749 817 2807 vitam.

219 2853 340 2911 Talibus
352 2853 384 2910 in'
398 2851 496 2910 studiis
508 2852 611 2910 bactrio
623 2852 694 2910 dum
707 2851 793 2909 nixus
805 2851 912 2928 apricas

180 2956 275 3013 Pastor
288 2955 350 3032 agit
363 2974 452 3025 curas,
472 2963 503 3012 et
515 2956 586 3012 dum
599 2973 657 3012 non
670 2963 730 3012 arte
745 2954 850 3012 canora

180 3045 326 3132 Conpadli
339 3055 456 3115 solitum
469 3056 634 3115 modulatur
646 3054 786 3114 arundine
798 3075 913 3116 carmen
919 3081 928 3129 ;

180 3157 288 3216 Tendit
300 3158 445 3218 ineundus
457 3158 550 3218 radios
563 3157 740 3237 Hyperionis
752 3158 844 3230 ardor,
