2236 3584
121 267 235 334 aaa
408 231 689 336 Monn‘r'um,
888 273 945 327 aar

147 417 298 480 Interdum
311 439 426 496 grumos
439 421 545 499 spargit
558 422 629 480 sale:
651 420 930 498 jamquesubadmm
966 457 969 462 -

148 520 248 579 Laevat
260 541 339 598 opus,
359 523 517 600 palmisque
530 528 612 582 suum
625 523 726 582 dilatat
738 523 769 580 in
782 524 890 594 orbem,

147 621 187 689 Et
200 630 290 694 notat,
310 625 438 700 inpreffis
452 645 534 702 aequo
547 626 710 684 discrimine
722 625 847 702 quadris.
934 673 937 680 .

147 723 239 782 Infert
252 725 320 784 inde
332 727 410 784 foco:
433 727 544 804 Cybale
556 729 743 786 mundaverat
756 735 857 804 aptum

67 867 76 878 i.
147 827 227 884 Ante
239 827 350 899 locum;
372 829 505 906 testisque
518 831 601 907 tegit,
622 829 837 908 superaggerat
856 829 949 906 ignee.

148 928 288 1005 Dumque
300 930 362 989 suas
374 933 486 1008 peragit
498 934 655 1003 Vulcanus,
668 933 818 1008 Vestaque,
838 941 947 1009 partes;

147 1031 272 1089 Simulus
285 1031 395 1093 interea
407 1033 496 1092 vacua
509 1054 567 1092 non
581 1034 666 1092 ceffat
678 1035 708 1092 in
721 1033 805 1106 hora;

146 1133 259 1190 Verum
273 1133 360 1192 aliam
372 1135 538 1212 libi'quaerit
551 1155 634 1213 opem
641 1162 649 1208 5
675 1156 732 1194 neu
745 1136 801 1194 sola
813 1135 911 1212 palato

147 1235 259 1294 sitnon
273 1245 353 1313 grata
366 1238 462 1306 Ceres,
475 1257 545 1314 quas
553 1237 667 1316 jungat,
687 1247 824 1315 conparat
835 1238 920 1296 escas.

146 1337 217 1404 Non
230 1337 272 1396 illi
286 1338 417 1416 suspensa
431 1339 529 1398 focum
540 1341 665 1398 carnaria
675 1339 768 1417 juxta,

147 1439 251 1498 Durati
264 1439 321 1498 sale
333 1451 414 1517 terga
427 1441 493 1512 suis,
514 1442 675 1517 truncique,
696 1443 849 1500 vacabant:

146 1539 294 1617 Trajedlus
306 1543 435 1601 medium
448 1543 543 1619 sparto
555 1543 604 1600 sed
617 1542 712 1603 caseus
725 1545 834 1614 orbem,
886 1549 897 1569 ’

146 1642 185 1701 Et
198 1651 279 1702 vetus
291 1645 415 1702 adstricti
427 1644 510 1703 fascis
521 1646 665 1722 pendebat
678 1645 784 1704 anethi.

146 1745 224 1822 Ergo
236 1745 323 1804 aliam
334 1747 454 1805 molitur
465 1765 552 1825 opem
564 1747 614 1806 fibi
627 1747 761 1824 providus
774 1747 864 1807 heros.

184 1847 295 1906 Hortus
307 1859 369 1907 erat
381 1849 483 1907 casulae
491 1848 617 1927 jundtuu
631 1868 719 1926 quem
728 1849 835 1908 vimina
846 1867 947 1926 panca,

146 1951 185 2010 Et
198 1952 308 2010 calamo
321 1953 445 2010 recidiva
458 1953 513 2010 levi
526 1953 659 2010 munibat
672 1953 794 2022 arund03
902 1937 906 1942 ⁵

146 2055 276 2132 Exiguus
289 2053 389 2132 spatio,
410 2055 494 2114 variis
507 2054 556 2112 sed
569 2054 671 2112 fertilis
683 2054 788 2112 herbis.

146 2157 216 2214 Non
230 2156 272 2213 illi
286 2158 391 2225 deerat,
411 2158 488 2233 quod
500 2159 631 2234 pauperis
644 2156 736 2233 exigit
748 2155 822 2214 usus.

145 2259 296 2324 Interdum
308 2259 435 2335 locuples
448 2279 464 2316 a
477 2277 602 2336 paupere
615 2258 706 2318 multa
719 2260 848 2335 petebat:

145 2359 211 2418 Nec
223 2360 331 2419 sumtus
345 2370 405 2419 erat
417 2359 502 2438 hujus
514 2381 595 2438 opus,
615 2360 662 2419 sed
676 2361 773 2436 regula
784 2380 868 2418 curae.

144 2463 173 2520 Si
187 2463 302 2538 quando
315 2481 439 2522 vacuum
452 2463 546 2521 casula
559 2463 699 2540 pluviaeye
712 2463 859 2532 tenebant,

144 2564 259 2622 Festave
272 2565 338 2636 lux3
362 2566 382 2622 fi
395 2566 470 2623 forte
483 2566 563 2624 labor
576 2565 698 2623 ceffabat
711 2573 819 2636 aratt03

144 2667 232 2726 Horti
246 2685 318 2745 opus
331 2667 405 2725 illud
419 2675 488 2726 erat.
528 2668 629 2726 Varias
642 2668 783 2744 deponere
795 2667 907 2744 plantas

144 2769 249 2839 Norat,
270 2777 300 2826 et
313 2769 433 2828 occtdtae
447 2771 617 2828 conmittere
630 2768 737 2828 semina
750 2779 842 2839 terrae,

68 2897 74 2910 =
145 2869 322 2946 vicinosque
335 2881 400 2948 apte
413 2871 482 2929 curi
491 2870 661 2929 submittere
674 2851 757 2932 risis.

145 2972 204 3030 Hic
218 2973 290 3042 otus,
311 2973 368 3043 hic,
388 2973 446 3031 late
459 2973 613 3032 fundentes
625 2973 750 3042 brachia,
771 2975 854 3044 betae,

146 3075 352 3151 Fecundnsque
371 3094 481 3147 rumex,
506 3076 675 3152 maluaeque,
694 3075 848 3152 inulaeque,
875 3075 947 3138 vire·

224 3181 312 3246 hant:
387 3221 390 3230 ,
