2208 3574
17 233 19 242 '
128 250 158 292 v.
170 237 221 290 44.
431 233 532 292 LIB.
573 233 630 291 111.
870 232 933 299 249

132 385 211 446 Heul
234 387 304 464 fuge
316 387 439 448 crudelia
452 397 549 458 terras,
569 389 640 464 fuge
652 384 723 444 litus
736 401 863 444 avarum.

132 490 211 548 Nam
225 489 378 566 Polydorus
390 509 453 566 ego.
493 491 552 547 Hic
564 489 712 546 confixum
725 487 816 544 ferrea
829 484 904 543 texit

132 590 272 650 Telorum
284 591 372 668 seges,
391 601 420 649 et
429 590 533 668 jaculis
545 589 667 650 increvit
679 588 779 648 acutis.

132 693 211 752 uum
223 711 299 762 vero,
319 693 440 771 ancipiti
452 701 582 752 mentem
594 691 748 750 formidine
760 689 876 767 preffus,

133 795 287 872 Obstupui,
295 796 489 871 steteruntque
495 810 595 862 comae,
603 804 634 852 et
639 813 696 852 vox
703 792 835 852 faucibus
842 790 931 849 haefit.

172 899 261 956 Hunc
282 897 454 974 Polydorum
474 896 536 956 auri
554 897 701 973 quondam
719 915 787 953 cum
808 895 937 973 pondere

250 1017 356 1075 magno

132 1101 242 1164 Infelix
255 1101 383 1159 Priamus
394 1101 498 1160 furtim
510 1101 659 1160 mandarat
671 1101 808 1159 alendum

134 1203 270 1262 Threicio
283 1203 359 1280 regi;
381 1222 472 1280 quum
481 1202 543 1280 jam
555 1203 699 1262 diffideret
711 1202 797 1261 annis

135 1305 297 1374 Dardaniae,
318 1305 454 1382 cingique
467 1307 568 1364 urbem
581 1306 728 1364 obsidione
739 1305 860 1365 videret.

136 1408 198 1478 Ille,
219 1419 252 1466 ut
264 1427 332 1484 opes
348 1408 444 1466 frablae
456 1409 613 1478 Teucrum,
633 1419 664 1466 et
675 1409 801 1466 Fortuna
815 1406 935 1476 recellit,

136 1512 191 1568 Res
204 1510 448 1586 Agamemnonias
462 1510 646 1588 vidiriciaque
660 1529 738 1570 arma
752 1510 875 1580 secutus,

136 1613 188 1671 Fas
199 1631 285 1670 omne
295 1613 456 1689 abrumpit:
473 1613 646 1689 Polydorum
653 1615 817 1682 obtruncat,
827 1621 857 1671 et
866 1629 935 1671 auro

137 1717 175 1775 Vi
189 1716 306 1793 potitur.
348 1715 429 1775 Quid
443 1735 501 1774 non
515 1716 646 1788 mortalia
659 1717 773 1794 pedore
788 1716 877 1794 cogis,

138 1819 213 1880 Auri
228 1818 304 1878 sacra
317 1818 420 1876 fames!
457 1819 606 1894 Postquam
617 1837 709 1895 pavor
720 1818 777 1877 offa
789 1819 917 1894 reliquit,

137 1921 271 1980 Deleuos
281 1919 381 1997 populi
391 1921 427 1978 ad
436 1939 572 1997 proceres,
584 1921 769 1998 primumque
778 1930 935 1998 parentem,

138 2023 267 2082 Monstra
279 2023 368 2080 deum
380 2023 487 2095 refero,
508 2031 547 2092 et,
558 2041 623 2100 quae
635 2023 669 2080 ut
681 2023 829 2092 sententia,
842 2023 937 2101 posco.

139 2126 283 2184 Omnibus
294 2124 372 2182 idem
386 2125 497 2184 animus
510 2123 644 2184 scelerata
656 2127 793 2184 excedere
805 2125 880 2184 terra
886 2149 896 2198 ς

140 2227 248 2303 Linqui
268 2227 413 2305 pollutum
427 2225 593 2304 hospitium,
613 2236 643 2285 et
658 2228 724 2286 dare
740 2229 869 2287 claffibua
886 2247 938 2286 au·

219 2331 296 2388 stros.

117 2423 128 2466 '³
138 2433 216 2508 Ergo
222 2431 415 2496 ,instauramus
427 2431 566 2507 Polydoro
579 2430 675 2500 funus,
695 2439 725 2490 et
738 2431 840 2510 ingens

140 2533 300 2612 Adgeritur
313 2533 425 2604 tumulo
439 2532 538 2590 tellus:
560 2533 633 2590 stant
645 2533 782 2592 Manibus
794 2554 859 2606 arae,

141 2635 278 2696 eanueis
291 2636 393 2694 maeilae
406 2633 494 2703 vittis,
514 2633 631 2712 atraque
644 2637 787 2712 cupreslb3

142 2742 180 2798 Et
193 2739 304 2798 circum
317 2738 429 2809 Iliades,
449 2736 560 2795 crinem
572 2739 608 2796 de
620 2757 699 2796 more
712 2739 820 2798 solutoe.

142 2843 297 2902 Inferimus
311 2840 408 2918 tepido
420 2838 581 2916 spumantia
594 2841 708 2916 cymbia
720 2841 801 2911 labie,

144 2943 298 3021 Sanguinis
309 2952 338 3000 et
351 2941 422 3000 sacri
433 2949 557 3018 pateras,
579 2943 760 3020 animamque
772 2943 900 3022 sepulcro

143 3045 313 3115 Condimus,
333 3053 363 3102 et
375 3043 480 3120 magud
493 3045 656 3120 supremum
668 3063 737 3104 voce
748 3046 867 3106 ciemus.

182 3149 264 3220 Inde,
283 3145 336 3206 ubi
348 3146 442 3226 prima
454 3145 524 3204 fides
535 3146 646 3224 pelago,
659 3147 827 3228 placataque
839 3152 920 3212 venti
