2208 3574
185 219 245 274 2³0
446 215 720 285 AENEIDOS,
870 221 984 286 v.389.

184 369 334 426 Mutamus
346 368 460 446 clipeos,
480 371 671 446 Danaumque
685 367 806 446 insignia
819 369 902 427 nobia

184 472 343 546 Apternua:
366 472 457 542 dolus,
471 491 506 530 an
517 473 615 544 virtus,
628 473 691 550 quia
703 473 734 530 in
747 472 825 530 hoste
836 471 979 548 requirat?

185 575 276 634 Arma
289 575 398 633 dabunt
410 575 471 651 ipfi.
512 575 558 634 Sic
571 577 656 648 fatua,
676 575 779 634 deiude
792 584 954 634 comantem

185 677 334 753 Androgei
348 677 468 754 galeam,
487 679 630 756 clipeique
642 680 753 755 iufigne
766 679 909 746 decorum,

185 778 320 836 Induitur
326 803 335 850 ς
356 779 495 855 laterique
506 782 649 858 Argivum
662 782 861 839 adcommodat
872 779 980 838 ensem.

185 880 252 940 Hoo
266 881 401 957 Rhipeus,
414 882 469 940 hoc
482 882 542 958 ipse
555 884 671 959 Dymas,
686 881 836 956 omnisque
845 879 981 958 juventus

186 983 267 1040 Laeta
279 982 364 1040 facit:
386 983 480 1060 spoliis
493 984 522 1042 se
535 985 655 1059 quiaque
668 982 828 1042 rmeutibus
840 991 941 1040 armat.

185 1083 325 1142 Vadimus
337 1071 455 1143 inmiiti
469 1085 575 1144 Danais
587 1085 665 1144 baud
677 1085 796 1142 numine
810 1084 910 1153 nostro,

186 1185 341 1260 Multaque
353 1205 405 1262 per
416 1205 522 1244 caecam
534 1187 671 1263 congreffi
684 1186 784 1263 proelia
797 1187 922 1244 notitam*

186 1288 382 1346 Conserimm:
405 1289 511 1346 multos
525 1289 660 1346 Danaum
672 1289 849 1346 demittimus
861 1288 945 1345 Oreo.

126 1397 130 1405 ¹
186 1388 358 1465 Diffugiunt
370 1389 420 1448 alii
433 1391 468 1447 ad
481 1389 570 1458 navis',
590 1399 620 1448 et
633 1389 716 1447 litora
730 1389 814 1447 cursu

187 1490 258 1549 Fida
270 1499 385 1566 petunt:
407 1510 471 1566 pars
483 1491 632 1568 Ingentem
645 1490 799 1548 formidine
811 1491 888 1567 turpi

187 1593 333 1650 Scaudunt
344 1592 437 1652 rursus
445 1611 561 1668 equum,
575 1601 605 1650 et
615 1593 682 1652 nota
692 1593 854 1650 conduntur
864 1593 895 1650 in
905 1593 980 1651 alvo.

187 1696 255 1754 Heu
269 1695 342 1754 nihil
354 1695 452 1764 invitia
465 1697 695 1770 faaquemquam
707 1695 794 1753 fidere
807 1695 892 1753 divisl

230 1797 319 1855 Eccel
342 1798 506 1856 trahebatur
517 1795 609 1873 pallia,
622 1797 760 1855 Priameia
773 1796 864 1874 virgo,
966 1806 972 1812 '

187 1901 323 1964 Crinibus
335 1919 352 1958 a
366 1899 472 1977 templo
486 1899 638 1958 Cassandra
652 1898 801 1974 adytisque
812 1899 961 1968 Minerva,

187 2007 236 2063 Ad
250 2005 354 2061 coelum
367 2003 486 2058 tendens
500 2000 625 2058 ardentia
639 2000 749 2058 lumina
761 2001 875 2058 frustra:

187 2106 311 2166 Lumina
315 2130 325 2174 3
346 2121 415 2162 nam
426 2113 536 2160 teneras
548 2104 681 2160 ardebant
692 2102 807 2160 vincula
824 2103 940 2178 palmae.

187 2209 257 2266 Non
271 2207 339 2265 tulit
351 2206 425 2264 banc
438 2204 559 2280 speciem
573 2203 680 2262 furiati
692 2215 789 2262 mente
802 2205 949 2275 Coroebua,

187 2311 225 2368 Et
238 2298 435 2376 sesemedium
448 2304 547 2382 injecit
559 2305 701 2382 periturus
713 2305 745 2364 in
758 2319 870 2384 agmen.

187 2409 397 2486 Consequimur
408 2407 513 2475 cundi,
533 2416 563 2464 et
575 2407 666 2464 dentis
678 2408 849 2468 incurrimus
862 2409 955 2468 armis.

186 2513 246 2572 Hic
258 2511 384 2590 primum
397 2529 433 2567 ex
447 2510 505 2568 alto
518 2509 628 2568 delubri
641 2510 767 2568 culmine
780 2511 845 2568 telis

187 2615 357 2674 Nostrorum
370 2611 527 2680 obruimur,
543 2611 689 2688 oriturque
702 2612 859 2672 miserrima
871 2614 960 2672 caedua

187 2719 344 2776 Armorum
357 2715 440 2784 facie,
460 2724 490 2772 et
503 2714 652 2772 Graiarum
665 2733 756 2773 errore
766 2714 908 2792 jubarum.

186 2821 265 2878 Turn
275 2818 378 2885 Danai,
398 2816 509 2894 gemitu
521 2813 608 2892 itque
618 2826 722 2893 ereptae
734 2817 852 2895 virginis
865 2817 917 2887 iri,

184 2922 324 2996 Undique
337 2919 458 2978 conledti
471 2919 627 2978 invadunt:
650 2919 802 2978 acerrimus
814 2920 900 2998 Ajax‚

184 3021 223 3078 Et
236 3021 344 3098 gemini
358 3021 479 3090 Atridae,
492 3021 693 3097 Dolopumque
703 3022 843 3080 exercitur
856 3022 950 3082 omnia

185 3122 304 3193 Adverfi
316 3131 400 3199 mpto
412 3141 466 3182 ceu
478 3123 623 3200 quondam
637 3123 753 3182 turbiue
765 3123 844 3188 venti

1098 2037 1101 2084 l
