2194 3584
149 201 257 282 90Ἰ
383 205 710 278 GEORGICON,
840 216 947 269 v.180.

149 367 213 424 Aut
225 365 338 443 Alphea
352 365 419 426 rotis
431 368 547 444 praelabi
561 367 683 428 flumina
695 363 779 436 Pisa,

149 469 188 526 Et
200 469 278 546 Jovis
292 469 323 528 in
336 469 403 528 luco
414 487 513 528 currus
527 471 635 547 agitare
646 469 783 540 retamim

150 570 340 646 Primus'equi
353 571 434 630 labor
445 573 494 642 est,
516 573 625 632 anirnos
638 581 725 648 atquc
739 591 817 632 anna
829 571 925 632 videre

149 673 324 742 Bellantum,
344 673 487 750 lituosque
500 675 574 751 pati;
596 675 746 750 trattuque
760 679 923 750 gementem
949 717 950 722 η

149 775 234 834 Ferre
247 785 356 853 rotam,
367 785 397 835 et
410 776 519 834 stabulo
532 777 627 836 frenos
640 777 738 836 audire
751 776 890 847 sonann's3

149 879 229 936 Tum
241 880 333 956 magis
346 889 432 955 atque
445 879 536 955 magis
548 880 660 939 blandis
673 879 798 955 gaudere
811 878 936 956 magistri

151 981 306 1049 Laudibus,
326 990 356 1038 ct
368 979 473 1058 plausae
486 981 612 1048 sonitum
624 981 739 1040 cervicis
753 999 857 1038 amare.
941 993 947 1016 ’-
1047 1009 1050 1014 -

150 1083 252 1160 Atque
264 1081 335 1150 baec,
350 1080 412 1159 jam
425 1082 516 1158 primo
529 1083 662 1160 depulsus
675 1085 711 1142 ab
724 1085 810 1142 ubere
823 1083 931 1153 matris,

150 1185 279 1253 Audeat,
299 1185 387 1260 inque
401 1163 492 1243 ciuem
505 1187 554 1245 det
566 1185 701 1246 mollibus
713 1205 762 1244 ora
774 1185 899 1261 capistris

152 1287 307 1356 Invalidus,
327 1289 472 1364 etiamque
486 1296 618 1357 tremens,
638 1289 727 1348 etiam
739 1287 843 1346 inscius
856 1288 919 1346 aevi.

91 1441 95 1447 .
152 1392 206 1459 At,
228 1391 317 1454 tribus
330 1391 434 1450 exactis
446 1391 497 1450 ubi
512 1398 613 1466 quarta
626 1389 772 1450 adcefferit
786 1389 873 1459 aestas,

153 1493 277 1569 Carpere
291 1511 358 1550 mox
372 1511 475 1569 gyrum
492 1494 619 1571 incipiat,
640 1494 831 1569 gradibusque
843 1492 942 1552 sonare
1003 1511 1008 1516 ·

30 1642 34 1646 .
94 1637 96 1642 2
154 1595 324 1672 conpositis,
345 1596 494 1672 smuetque
507 1597 615 1654 alterna
627 1596 774 1654 volumina
787 1614 919 1668 crurum,
937 1609 942 1620 ”

155 1700 255 1774 Sitque
267 1697 407 1756 laboranti
421 1699 531 1756 similis:
555 1709 619 1756 tum
632 1699 758 1756 curfibus
771 1717 862 1767 auras,

142 1801 234 1859 'Tum
244 1810 327 1858 vocet
333 1824 341 1873 ς
351 1820 393 1869 ac,
402 1819 452 1876 per
462 1809 558 1877 aperta
566 1801 674 1870 volans,
684 1821 738 1860 ceu
744 1801 817 1860 liber
827 1801 955 1872 habenis,

143 1893 297 1982 'AEquora
317 1904 367 1962 vix
379 1904 490 1962 summa
502 1904 617 1980 vestigia
630 1915 719 1982 ponat
731 1907 830 1964 arena:

157 2005 467 2084 Qualis'Hyperboreis
480 2007 590 2082 Aquilo
602 2027 695 2082 quum
706 2008 809 2066 densus
821 2010 858 2066 ab
870 2008 926 2066 oris
942 2075 944 2078 .

157 2109 306 2178 Incubuit,
325 2109 507 2184 Scythiaeque
519 2109 622 2166 hiemis
635 2119 722 2185 atque
735 2099 815 2170 arida
828 2111 925 2170 differt

156 2210 283 2268 Nubila:
307 2221 373 2268 tum'
383 2211 492 2287 segetes
504 2211 570 2270 altae
582 2211 734 2290 campique
748 2223 878 2272 natantes
1007 2244 1012 2252 ‹

157 2313 285 2372 Lenibus
298 2313 464 2372 horrescunt
476 2314 582 2384 flabris,
595 2313 771 2392 summaeque
784 2293 914 2376 sonorem

156 2417 238 2475 Dant
252 2417 335 2486 srlvae,
355 2417 492 2494 longique
504 2427 631 2495 urguent
644 2421 680 2478 ad
693 2420 777 2478 litora
789 2421 908 2480 fluibus:

18 2525 46 2568 s
157 2521 310 2590 lllevolat,
324 2521 407 2578 simul
420 2539 485 2578 arva
498 2521 579 2597 fuga,
597 2521 684 2582 simul
698 2541 821 2602 aequora,
835 2541 957 2592 verrent,
1030 2589 1033 2596 ,

158 2623 218 2680 Hic
231 2624 278 2681 vel
291 2625 328 2680 ad
340 2625 401 2682 Elei
416 2631 506 2683 metas
518 2633 549 2680 et
561 2641 696 2682 mamma
709 2625 802 2702 campi

160 2727 280 2784 Sudabit
293 2724 394 2803 spatia„
412 2735 443 2784 et
455 2726 567 2804 spumas
580 2736 646 2803 aget
659 2736 865 2799 ore=cruentas3

157 2829 272 2904 Belgica
282 2829 330 2888 ,vel
344 2829 424 2886 molli
438 2829 541 2888 melius
554 2830 629 2886 feret
641 2829 732 2888 eiseda
746 2830 830 2890 collo.

157 2931 237 2988 Tum
249 2932 376 3000 demum,
396 2929 484 2991 crassa
493 2949 635 3008 magnum
647 2931 798 3010 farragine,
819 2952 921 3012 corpur

158 3033 290 3091 Crescere
300 3033 361 3111 jam
373 3033 489 3098 donntis
502 3033 600 3108 finito,
615 3053 746 3112 namque
759 3043 827 3098 ante
840 3036 958 3096 doman-

236 3136 306 3194 dum
