2208 3574
131 284 158 323 v.
173 274 240 338 775.
442 269 467 328 L
481 271 539 329 IB.
581 269 619 329 II.
874 274 931 324 245

129 421 208 478 Tum
222 422 260 480 fic
271 422 372 494 adfari,
393 433 422 482 et
435 444 516 483 curas
528 425 573 483 hie
586 426 700 483 demere
713 421 815 480 dietis:

131 523 214 581 nuta
227 532 342 582 tantum
354 507 454 584 insano
462 525 546 604 juvat
558 525 708 602 indulgere
722 523 823 592 aona,

129 623 159 682 O
172 625 263 683 dulcis
275 626 419 704 conjunx?
441 647 499 686 non
513 628 574 686 haec
588 628 646 685 fine
661 625 781 684 numine
794 625 892 684 divom

129 725 293 786 Eveniunt:
315 747 372 788 nee
386 739 415 790 te
435 731 505 788 hinc
523 729 658 790 comitem
677 728 819 806 asportare
838 727 930 789 ereti-

208 828 268 886 sam

14 985 18 991 .
130 929 183 988 Fas
188 954 197 1000 3
218 941 269 989 aut
282 931 331 990 ille
344 933 410 995 finit
423 933 515 1011 superi
529 943 663 1010 regnator
675 932 805 1009 Olympi.

130 1032 230 1109 longa
249 1033 304 1090 tibi
320 1035 428 1106 exsilia,
449 1047 478 1096 et
497 1035 607 1093 vastum
624 1033 710 1092 maris
731 1052 828 1109 aequor
847 1053 929 1093 aran-

208 1135 295 1194 dum:
795 1122 798 1130 ’

129 1237 168 1293 Et
181 1245 286 1296 terram
299 1239 469 1315 Hesperiam
482 1239 594 1309 venies;
615 1237 667 1296 ubi
681 1237 798 1314 Lydius,
819 1257 886 1301 arva

130 1339 211 1396 inter
222 1340 319 1417 opima
331 1341 436 1412 virum,
456 1341 514 1404 leni
527 1342 594 1399 fluit
607 1340 724 1418 agmine
735 1341 871 1418 Thybris.

129 1441 193 1499 utic
206 1460 250 1500 res
262 1443 345 1513 laetae,
365 1463 552 1520 regnumque,
573 1455 603 1500 et
615 1444 694 1520 regia
708 1442 834 1520 conjunx

130 1546 212 1602 Parta
225 1545 291 1604 tibi:
313 1545 442 1604 lacrimas
454 1546 565 1604 diretta
578 1545 654 1622 pelle
667 1545 791 1606 eretisae.

128 1645 198 1704 Nou
212 1665 267 1724 ego
280 1647 497 1725 Myrmidonum
511 1646 598 1717 sedes,
618 1646 810 1726 Dolopumve,
830 1647 926 1725 super-

206 1751 256 1808 bas

128 1850 306 1928 Adspiciam,
326 1861 376 1910 aut
390 1851 482 1910 Graiis
495 1852 632 1912 servitum
645 1851 783 1914 matribus
796 1853 854 1924 ibo,

128 1953 279 2022 Dardanis,
299 1963 329 2010 et
341 1954 415 2011 divae
428 1953 548 2012 Veneris
561 1973 663 2012 nurus:

129 2056 183 2113 Sed
196 2075 244 2113 me
256 2075 361 2132 magna
373 2057 461 2114 deum
474 2055 615 2115 Genetrix
627 2055 671 2112 his
685 2055 795 2116 detinet
808 2057 873 2117 oria.

127 2159 251 2236 Jamque
263 2157 336 2226 vale,
356 2168 386 2215 et
399 2157 459 2216 nati
472 2157 550 2216 serva
563 2157 724 2215 communia
737 2177 872 2218 amorem.

127 2261 201 2318 Haec
219 2260 270 2318 ubi
287 2261 362 2318 dida
380 2261 470 2329 dedit,
489 2259 697 2328 lacrimantem,
716 2267 746 2318 et
764 2260 855 2318 multa
874 2280 924 2320 vo·

205 2362 313 2420 lentem

128 2465 244 2533 Dicere,
264 2464 398 2534 deseruit,
419 2463 570 2539 tenuisque
582 2461 692 2520 receffit
704 2461 735 2520 in
749 2482 839 2522 auras.

125 2569 184 2625 Ter
196 2575 314 2627 conatus
327 2565 369 2623 ibi
382 2565 456 2625 collo
470 2567 537 2626 dare
550 2563 664 2622 brach'a
676 2564 804 2635 circum,

125 2671 185 2729 Ter
198 2671 298 2732 frustra
311 2667 466 2746 conprensa
480 2687 580 2725 manus
594 2666 696 2743 effugit
707 2667 813 2744 imago,
830 2723 832 2733 ,

126 2774 179 2832 Par
191 2773 301 2832 levibus
314 2773 415 2840 ventis,
436 2769 602 2844 volucrique
615 2768 759 2826 simillima
774 2770 864 2830 fumo.

166 2875 212 2933 Sic
225 2877 343 2932 demum
356 2871 453 2940 socios,
475 2869 624 2928 consumti
638 2871 730 2942 nodie,
747 2871 846 2930 reviso.

127 2979 226 3052 Atque
238 2976 287 3034 hic
300 2976 449 3052 ingentem
461 2973 602 3031 comitum
620 2971 769 3030 adfluniffe
784 2991 923 3033 novorum

126 3079 255 3148 Invenio,
269 3078 411 3136 admirans
424 3094 592 3145 numerum,
612 3083 771 3152 matresque
785 3075 923 3152 virosque,

125 3175 293 3244 Conledam
305 3181 404 3241 exsilio
417 3182 534 3257 pubem,
554 3176 715 3238 miserabile
727 3178 837 3256 volgus.
