<?xml version="1.0" encoding="UTF-8"?>
<!DOCTYPE html PUBLIC "-//W3C//DTD XHTML 1.0 Transitional//EN"
    "http://www.w3.org/TR/xhtml1/DTD/xhtml1-transitional.dtd">
<html xmlns="http://www.w3.org/1999/xhtml" xml:lang="en" lang="en">
 <head>
  <title>
</title>
<meta http-equiv="Content-Type" content="text/html;charset=utf-8" />
  <meta name='ocr-system' content='tesseract 3.04.00' />
  <meta name='ocr-capabilities' content='ocr_page ocr_carea ocr_par ocr_line ocrx_word'/>
</head>
<body>
  <div class='ocr_page' id='page_1' title='image "./pvirgiliimaroni02wakegoog/pvirgiliimaroni02wakegoog_0317.png"; bbox 0 0 2208 3574; ppageno 0'>
   <div class='ocr_carea' id='block_1_1' title="bbox 476 263 815 312">
    <p class='ocr_par' dir='ltr' id='par_1_1' title="bbox 476 263 815 312">
     <span class='ocr_line' id='line_1_1' title="bbox 476 263 815 312; baseline 0 -2"><span class='ocrx_word' id='word_1_1' title='bbox 476 263 815 312; x_wconf 63' lang='lat' dir='ltr'><strong>INJVIRGILIUM.</strong></span> 
     </span>
    </p>
   </div>
   <div class='ocr_carea' id='block_1_2' title="bbox 184 402 1084 2850">
    <p class='ocr_par' dir='ltr' id='par_1_2' title="bbox 238 402 1062 646">
     <span class='ocr_line' id='line_1_2' title="bbox 238 402 1062 470; baseline -0.006 -18"><span class='ocrx_word' id='word_1_2' title='bbox 238 403 313 454; x_wconf 65' lang='lat' dir='ltr'>,nitido</span> <span class='ocrx_word' id='word_1_3' title='bbox 329 403 403 452; x_wconf 78' lang='lat' dir='ltr'>mindi</span> <span class='ocrx_word' id='word_1_4' title='bbox 415 405 515 466; x_wconf 74' lang='lat' dir='ltr'>dignum.</span> <span class='ocrx_word' id='word_1_5' title='bbox 547 406 597 454; x_wconf 84' lang='lat' dir='ltr'>Pari</span> <span class='ocrx_word' id='word_1_6' title='bbox 608 402 716 470; x_wconf 65' lang='lat' dir='ltr'>elegantii</span> <span class='ocrx_word' id='word_1_7' title='bbox 725 405 836 464; x_wconf 82' lang='lat' dir='ltr'>Tibullus,</span> <span class='ocrx_word' id='word_1_8' title='bbox 853 405 869 452; x_wconf 90' lang='lat' dir='ltr'>i.</span> <span class='ocrx_word' id='word_1_9' title='bbox 884 415 910 466; x_wconf 83' lang='grc'>7.</span> <span class='ocrx_word' id='word_1_10' title='bbox 924 415 967 470; x_wconf 79' lang='lat'>50.</span> <span class='ocrx_word' id='word_1_11' title='bbox 985 413 1062 464; x_wconf 88' lang='lat' dir='ltr'>quem</span> 
     </span>
     <span class='ocr_line' id='line_1_3' title="bbox 245 491 531 542; baseline 0.007 -2"><span class='ocrx_word' id='word_1_12' title='bbox 245 509 290 540; x_wconf 88' lang='lat' dir='ltr'>uon</span> <span class='ocrx_word' id='word_1_13' title='bbox 300 491 359 542; x_wconf 68' lang='lat' dir='ltr'>malt</span> <span class='ocrx_word' id='word_1_14' title='bbox 369 493 397 540; x_wconf 82' lang='lat' dir='ltr'>stc</span> <span class='ocrx_word' id='word_1_15' title='bbox 407 493 531 542; x_wconf 75' lang='lat' dir='ltr'>refinxerin:</span> 
     </span>
     <span class='ocr_line' id='line_1_4' title="bbox 341 581 929 646; baseline 0 -18"><span class='ocrx_word' id='word_1_16' title='bbox 341 581 394 633; x_wconf 78' lang='lat' dir='ltr'>Huc</span> <span class='ocrx_word' id='word_1_17' title='bbox 403 581 452 628; x_wconf 77' lang='lat' dir='ltr'>ades</span> <span class='ocrx_word' id='word_1_18' title='bbox 463 582 506 628; x_wconf 85' lang='lat' dir='ltr'>‘ad</span> <span class='ocrx_word' id='word_1_19' title='bbox 517 592 593 630; x_wconf 79' lang='lat' dir='ltr'>cantus</span> <span class='ocrx_word' id='word_1_20' title='bbox 601 583 618 630; x_wconf 84' lang='lat'>:’</span> <span class='ocrx_word' id='word_1_21' title='bbox 628 581 685 631; x_wconf 84' lang='lat' dir='ltr'>ludis</span> <span class='ocrx_word' id='word_1_22' title='bbox 695 583 837 646; x_wconf 83' lang='lat' dir='ltr'>Geniumque</span> <span class='ocrx_word' id='word_1_23' title='bbox 846 581 929 629; x_wconf 80' lang='lat' dir='ltr'>choreis</span> 
     </span>
    </p>

    <p class='ocr_par' dir='ltr' id='par_1_3' title="bbox 210 669 1084 982">
     <span class='ocr_line' id='line_1_5' title="bbox 374 669 942 734; baseline -0.002 -18"><span class='ocrx_word' id='word_1_24' title='bbox 374 670 517 728; x_wconf 83' lang='lat' dir='ltr'>Concelebra,</span> <span class='ocrx_word' id='word_1_25' title='bbox 532 681 556 718; x_wconf 90' lang='lat' dir='ltr'>et</span> <span class='ocrx_word' id='word_1_26' title='bbox 566 671 639 718; x_wconf 85' lang='lat' dir='ltr'>multo</span> <span class='ocrx_word' id='word_1_27' title='bbox 649 677 657 704; x_wconf 85' lang='lat'><em>‘</em></span> <span class='ocrx_word' id='word_1_28' title='bbox 668 682 767 734; x_wconf 84' lang='lat' dir='ltr'>tempora</span> <span class='ocrx_word' id='word_1_29' title='bbox 777 669 845 717; x_wconf 82' lang='lat' dir='ltr'>funde</span> <span class='ocrx_word' id='word_1_30' title='bbox 855 685 917 716; x_wconf 88' lang='lat' dir='ltr'>meto</span> <span class='ocrx_word' id='word_1_31' title='bbox 924 669 942 716; x_wconf 79' lang='grc' dir='ltr'>ι’</span> 
     </span>
     <span class='ocr_line' id='line_1_6' title="bbox 210 731 1084 820; baseline -0.003 -16"><span class='ocrx_word' id='word_1_32' title='bbox 210 803 212 810; x_wconf 79' lang='grc'>,</span> <span class='ocrx_word' id='word_1_33' title='bbox 246 757 281 804; x_wconf 84' lang='lat' dir='ltr'>sed</span> <span class='ocrx_word' id='word_1_34' title='bbox 291 757 409 818; x_wconf 78' lang='lat' dir='ltr'>elegantior</span> <span class='ocrx_word' id='word_1_35' title='bbox 423 759 453 804; x_wconf 86' lang='lat' dir='ltr'>est</span> <span class='ocrx_word' id='word_1_36' title='bbox 467 769 558 805; x_wconf 83' lang='lat' dir='ltr'>conatus</span> <span class='ocrx_word' id='word_1_37' title='bbox 571 759 664 820; x_wconf 88' lang='lat' dir='ltr'>Heynii‚</span> <span class='ocrx_word' id='word_1_38' title='bbox 682 757 817 806; x_wconf 85' lang='lat' dir='ltr'>Markiando</span> <span class='ocrx_word' id='word_1_39' title='bbox 831 767 951 820; x_wconf 62' lang='lat' dir='ltr'>praceptus</span> <span class='ocrx_word' id='word_1_40' title='bbox 963 755 991 802; x_wconf 88' lang='lat' dir='ltr'>in</span> <span class='ocrx_word' id='word_1_41' title='bbox 1003 757 1061 802; x_wconf 87' lang='lat' dir='ltr'>An·</span> <span class='ocrx_word' id='word_1_42' title='bbox 1083 731 1084 774; x_wconf 44' lang='lat'>³</span> 
     </span>
     <span class='ocr_line' id='line_1_7' title="bbox 245 842 1058 910; baseline -0.007 -16"><span class='ocrx_word' id='word_1_43' title='bbox 245 847 303 906; x_wconf 80' lang='lat' dir='ltr'>glico</span> <span class='ocrx_word' id='word_1_44' title='bbox 317 846 412 894; x_wconf 70' lang='lat' dir='ltr'>tradhtu</span> <span class='ocrx_word' id='word_1_45' title='bbox 423 846 449 892; x_wconf 92' lang='lat' dir='ltr'>de</span> <span class='ocrx_word' id='word_1_46' title='bbox 466 845 578 894; x_wconf 80' lang='lat' dir='ltr'>Ciceronis</span> <span class='ocrx_word' id='word_1_47' title='bbox 593 847 695 910; x_wconf 82' lang='lat' dir='ltr'>epistolis,</span> <span class='ocrx_word' id='word_1_48' title='bbox 709 863 758 908; x_wconf 84' lang='lat' dir='ltr'>pag.</span> <span class='ocrx_word' id='word_1_49' title='bbox 770 845 810 892; x_wconf 86' lang='grc'>68.</span> <span class='ocrx_word' id='word_1_50' title='bbox 842 845 904 892; x_wconf 86' lang='lat' dir='ltr'>Idem</span> <span class='ocrx_word' id='word_1_51' title='bbox 922 842 1013 891; x_wconf 79' lang='lat' dir='ltr'>iteriim</span> <span class='ocrx_word' id='word_1_52' title='bbox 1029 844 1058 889; x_wconf 87' lang='lat' dir='ltr'>ad</span> 
     </span>
     <span class='ocr_line' id='line_1_8' title="bbox 245 933 375 982; baseline 0.015 -2"><span class='ocrx_word' id='word_1_53' title='bbox 245 933 279 980; x_wconf 84' lang='lat' dir='ltr'>iii.</span> <span class='ocrx_word' id='word_1_54' title='bbox 295 948 319 982; x_wconf 79' lang='lat' dir='ltr'>a.</span> <span class='ocrx_word' id='word_1_55' title='bbox 335 947 375 982; x_wconf 79' lang='lat' dir='ltr'>ao.</span> 
     </span>
    </p>

    <p class='ocr_par' dir='ltr' id='par_1_4' title="bbox 243 1019 1084 1245">
     <span class='ocr_line' id='line_1_9' title="bbox 373 1019 877 1083; baseline -0.004 -15"><span class='ocrx_word' id='word_1_56' title='bbox 373 1023 431 1072; x_wconf 83' lang='lat' dir='ltr'>Mox</span> <span class='ocrx_word' id='word_1_57' title='bbox 440 1019 509 1070; x_wconf 70' lang='lat' dir='ltr'>etiim</span> <span class='ocrx_word' id='word_1_58' title='bbox 521 1023 585 1070; x_wconf 86' lang='lat' dir='ltr'>niveo</span> <span class='ocrx_word' id='word_1_59' title='bbox 596 1027 604 1054; x_wconf 90' lang='lat'>‘</span> <span class='ocrx_word' id='word_1_60' title='bbox 614 1022 703 1070; x_wconf 82' lang='lat' dir='ltr'>fundere</span> <span class='ocrx_word' id='word_1_61' title='bbox 713 1021 782 1068; x_wconf 78' lang='lat' dir='ltr'>ladhe’</span> <span class='ocrx_word' id='word_1_62' title='bbox 795 1029 877 1083; x_wconf 85' lang='lat' dir='ltr'>patent.</span> 
     </span>
     <span class='ocr_line' id='line_1_10' title="bbox 243 1105 1084 1173; baseline -0.006 -15"><span class='ocrx_word' id='word_1_63' title='bbox 243 1111 287 1158; x_wconf 65' lang='lat' dir='ltr'>,Sed</span> <span class='ocrx_word' id='word_1_64' title='bbox 299 1109 434 1158; x_wconf 82' lang='lat' dir='ltr'>locutionem</span> <span class='ocrx_word' id='word_1_65' title='bbox 450 1112 474 1158; x_wconf 92' lang='lat' dir='ltr'>in</span> <span class='ocrx_word' id='word_1_66' title='bbox 489 1111 568 1172; x_wconf 84' lang='lat' dir='ltr'>primis</span> <span class='ocrx_word' id='word_1_67' title='bbox 584 1110 702 1173; x_wconf 83' lang='lat' dir='ltr'>po&#39;e&#39;ticam,</span> <span class='ocrx_word' id='word_1_68' title='bbox 722 1110 774 1172; x_wconf 90' lang='lat' dir='ltr'>quid</span> <span class='ocrx_word' id='word_1_69' title='bbox 789 1109 868 1156; x_wconf 81' lang='lat' dir='ltr'>attinet</span> <span class='ocrx_word' id='word_1_70' title='bbox 880 1109 992 1172; x_wconf 81' lang='lat' dir='ltr'>exemplis</span> <span class='ocrx_word' id='word_1_71' title='bbox 1010 1109 1057 1154; x_wconf 77' lang='lat' dir='ltr'>lia·</span> <span class='ocrx_word' id='word_1_72' title='bbox 1083 1105 1084 1110; x_wconf 73' lang='grc'>’</span> 
     </span>
     <span class='ocr_line' id='line_1_11' title="bbox 245 1198 324 1245; baseline -0.013 0"><span class='ocrx_word' id='word_1_73' title='bbox 245 1198 324 1245; x_wconf 83' lang='lat' dir='ltr'>bilire?</span> 
     </span>
    </p>

    <p class='ocr_par' dir='ltr' id='par_1_5' title="bbox 243 1281 1054 1612">
     <span class='ocr_line' id='line_1_12' title="bbox 276 1281 1054 1348; baseline -0.005 -14"><span class='ocrx_word' id='word_1_74' title='bbox 276 1288 335 1334; x_wconf 78' lang='lat' dir='ltr'>Ver.</span> <span class='ocrx_word' id='word_1_75' title='bbox 350 1281 409 1348; x_wconf 82' lang='grc'><strong>454.</strong></span> <span class='ocrx_word' id='word_1_76' title='bbox 440 1287 500 1336; x_wconf 82' lang='lat' dir='ltr'>Luce</span> <span class='ocrx_word' id='word_1_77' title='bbox 515 1283 637 1335; x_wconf 70' lang='lat' dir='ltr'>meridiani</span> <span class='ocrx_word' id='word_1_78' title='bbox 652 1287 731 1334; x_wconf 81' lang='lat' dir='ltr'>clarius</span> <span class='ocrx_word' id='word_1_79' title='bbox 747 1288 785 1346; x_wconf 84' lang='lat' dir='ltr'>est,</span> <span class='ocrx_word' id='word_1_80' title='bbox 809 1301 848 1332; x_wconf 84' lang='lat' dir='ltr'>nos</span> <span class='ocrx_word' id='word_1_81' title='bbox 862 1301 937 1333; x_wconf 86' lang='lat' dir='ltr'>veram</span> <span class='ocrx_word' id='word_1_82' title='bbox 955 1284 1054 1343; x_wconf 82' lang='lat' dir='ltr'>Virgilii</span> 
     </span>
     <span class='ocr_line' id='line_1_13' title="bbox 243 1372 1054 1432; baseline -0.005 -10"><span class='ocrx_word' id='word_1_83' title='bbox 243 1389 338 1422; x_wconf 88' lang='lat' dir='ltr'>manum</span> <span class='ocrx_word' id='word_1_84' title='bbox 354 1375 503 1423; x_wconf 73' lang='lat' dir='ltr'>reddidissem</span> <span class='ocrx_word' id='word_1_85' title='bbox 517 1376 650 1423; x_wconf 89' lang='lat' dir='ltr'>divinatione</span> <span class='ocrx_word' id='word_1_86' title='bbox 655 1394 662 1432; x_wconf 88' lang='lat'>;</span> <span class='ocrx_word' id='word_1_87' title='bbox 680 1372 726 1421; x_wconf 78' lang='lat' dir='ltr'>seth</span> <span class='ocrx_word' id='word_1_88' title='bbox 738 1373 791 1422; x_wconf 79' lang='lat' dir='ltr'>fatti</span> <span class='ocrx_word' id='word_1_89' title='bbox 807 1375 924 1430; x_wconf 50' lang='lat' dir='ltr'>certiorem</span> <span class='ocrx_word' id='word_1_90' title='bbox 935 1374 1054 1419; x_wconf 82' lang='lat' dir='ltr'>‘vocent&#39;</span> 
     </span>
     <span class='ocr_line' id='line_1_14' title="bbox 243 1460 1054 1526; baseline -0.007 -16"><span class='ocrx_word' id='word_1_91' title='bbox 243 1463 267 1510; x_wconf 86' lang='lat' dir='ltr'>in</span> <span class='ocrx_word' id='word_1_92' title='bbox 277 1464 388 1512; x_wconf 79' lang='lat' dir='ltr'>nonnullis</span> <span class='ocrx_word' id='word_1_93' title='bbox 396 1464 505 1510; x_wconf 76' lang='lat' dir='ltr'>codicibus</span> <span class='ocrx_word' id='word_1_94' title='bbox 513 1464 600 1526; x_wconf 86' lang='lat' dir='ltr'>reperiri</span> <span class='ocrx_word' id='word_1_95' title='bbox 609 1481 616 1520; x_wconf 68' lang='grc' dir='ltr'><strong><em>ς</em></strong></span> <span class='ocrx_word' id='word_1_96' title='bbox 632 1460 691 1510; x_wconf 69' lang='lat' dir='ltr'>unde</span> <span class='ocrx_word' id='word_1_97' title='bbox 700 1471 762 1510; x_wconf 85' lang='lat' dir='ltr'>extra</span> <span class='ocrx_word' id='word_1_98' title='bbox 771 1461 863 1508; x_wconf 87' lang='lat' dir='ltr'>dubium</span> <span class='ocrx_word' id='word_1_99' title='bbox 873 1461 965 1523; x_wconf 84' lang='lat' dir='ltr'>ponitur</span> <span class='ocrx_word' id='word_1_100' title='bbox 974 1461 1054 1506; x_wconf 85' lang='lat' dir='ltr'>nostra</span> 
     </span>
     <span class='ocr_line' id='line_1_15' title="bbox 243 1551 635 1612; baseline -0.008 -12"><span class='ocrx_word' id='word_1_101' title='bbox 243 1552 373 1600; x_wconf 77' lang='lat' dir='ltr'>emendatio.</span> <span class='ocrx_word' id='word_1_102' title='bbox 406 1551 511 1600; x_wconf 78' lang='lat' dir='ltr'>conferas</span> <span class='ocrx_word' id='word_1_103' title='bbox 521 1567 567 1598; x_wconf 84' lang='lat' dir='ltr'>vet.</span> <span class='ocrx_word' id='word_1_104' title='bbox 580 1563 635 1612; x_wconf 85' lang='lat'>129.</span> 
     </span>
    </p>

    <p class='ocr_par' dir='ltr' id='par_1_6' title="bbox 241 1635 1053 2143">
     <span class='ocr_line' id='line_1_16' title="bbox 242 1635 1053 1702; baseline -0.007 -14"><span class='ocrx_word' id='word_1_105' title='bbox 242 1671 244 1679; x_wconf 44' lang='grc' dir='ltr'>ι</span> <span class='ocrx_word' id='word_1_106' title='bbox 275 1642 328 1688; x_wconf 88' lang='lat' dir='ltr'>Ver.</span> <span class='ocrx_word' id='word_1_107' title='bbox 339 1637 397 1702; x_wconf 84' lang='grc'><strong>456.</strong></span> <span class='ocrx_word' id='word_1_108' title='bbox 418 1637 485 1688; x_wconf 80' lang='lat' dir='ltr'>Hadd</span> <span class='ocrx_word' id='word_1_109' title='bbox 501 1639 627 1686; x_wconf 80' lang='lat' dir='ltr'>subdistinxi</span> <span class='ocrx_word' id='word_1_110' title='bbox 646 1639 693 1700; x_wconf 83' lang='lat' dir='ltr'>post</span> <span class='ocrx_word' id='word_1_111' title='bbox 710 1639 797 1700; x_wconf 85' lang='lat' dir='ltr'>‘poscas</span> <span class='ocrx_word' id='word_1_112' title='bbox 805 1638 821 1684; x_wconf 83' lang='lat'>:’</span> <span class='ocrx_word' id='word_1_113' title='bbox 839 1653 893 1684; x_wconf 89' lang='lat' dir='ltr'>nam</span> <span class='ocrx_word' id='word_1_114' title='bbox 909 1635 1053 1684; x_wconf 75' lang='lat' dir='ltr'>construd&#39;lio</span> 
     </span>
     <span class='ocr_line' id='line_1_17' title="bbox 242 1723 1050 1790; baseline -0.005 -16"><span class='ocrx_word' id='word_1_115' title='bbox 242 1727 282 1784; x_wconf 81' lang='lat' dir='ltr'>est,</span> <span class='ocrx_word' id='word_1_116' title='bbox 298 1728 406 1786; x_wconf 80' lang='lat' dir='ltr'>“Poscao,</span> <span class='ocrx_word' id='word_1_117' title='bbox 421 1729 474 1775; x_wconf 82' lang='lat' dir='ltr'>‘ut’</span> <span class='ocrx_word' id='word_1_118' title='bbox 487 1727 530 1790; x_wconf 82' lang='lat' dir='ltr'>ipsa</span> <span class='ocrx_word' id='word_1_119' title='bbox 540 1737 617 1782; x_wconf 77' lang='lat' dir='ltr'>cauat3</span> <span class='ocrx_word' id='word_1_120' title='bbox 636 1741 674 1789; x_wconf 84' lang='lat' dir='ltr'>pet</span> <span class='ocrx_word' id='word_1_121' title='bbox 682 1725 767 1788; x_wconf 82' lang='lat' dir='ltr'>ellipiiu</span> <span class='ocrx_word' id='word_1_122' title='bbox 777 1725 852 1788; x_wconf 80' lang='lat' dir='ltr'>paliim</span> <span class='ocrx_word' id='word_1_123' title='bbox 862 1724 931 1788; x_wconf 83' lang='lat' dir='ltr'>po&#39;e&#39;tis</span> <span class='ocrx_word' id='word_1_124' title='bbox 940 1723 1050 1787; x_wconf 80' lang='lat' dir='ltr'>frequen-</span> 
     </span>
     <span class='ocr_line' id='line_1_18' title="bbox 242 1812 627 1880; baseline -0.01 -16"><span class='ocrx_word' id='word_1_125' title='bbox 242 1819 260 1847; x_wconf 88' lang='lat'>“</span> <span class='ocrx_word' id='word_1_126' title='bbox 271 1815 367 1864; x_wconf 85' lang='lat' dir='ltr'>ratam.”</span> <span class='ocrx_word' id='word_1_127' title='bbox 399 1812 435 1864; x_wconf 66' lang='lat' dir='ltr'>lta</span> <span class='ocrx_word' id='word_1_128' title='bbox 446 1815 501 1862; x_wconf 84' lang='lat' dir='ltr'>AEn.</span> <span class='ocrx_word' id='word_1_129' title='bbox 512 1816 559 1862; x_wconf 81' lang='lat' dir='ltr'>viii.</span> <span class='ocrx_word' id='word_1_130' title='bbox 573 1815 627 1880; x_wconf 78' lang='lat'><strong>506.</strong></span> 
     </span>
     <span class='ocr_line' id='line_1_19' title="bbox 372 1901 926 1964; baseline -0.005 -13"><span class='ocrx_word' id='word_1_131' title='bbox 372 1935 524 1952; x_wconf 89' lang='grc'><strong>.......</strong></span> <span class='ocrx_word' id='word_1_132' title='bbox 540 1901 702 1964; x_wconf 81' lang='lat' dir='ltr'>‘mandatque&#39;</span> <span class='ocrx_word' id='word_1_133' title='bbox 713 1901 803 1962; x_wconf 75' lang='lat' dir='ltr'>iufignia</span> <span class='ocrx_word' id='word_1_134' title='bbox 813 1901 926 1958; x_wconf 80' lang='lat' dir='ltr'>Tarchon,</span> 
     </span>
     <span class='ocr_line' id='line_1_20' title="bbox 370 1991 606 2040; baseline -0.017 1"><span class='ocrx_word' id='word_1_135' title='bbox 370 1991 606 2040; x_wconf 78' lang='lat' dir='ltr'>‘Succedam’callrin</span> 
     </span>
     <span class='ocr_line' id='line_1_21' title="bbox 241 2078 935 2143; baseline -0.004 -13"><span class='ocrx_word' id='word_1_136' title='bbox 241 2079 277 2130; x_wconf 78' lang='lat' dir='ltr'>Iti</span> <span class='ocrx_word' id='word_1_137' title='bbox 286 2078 356 2130; x_wconf 69' lang='lat' dir='ltr'>etiam</span> <span class='ocrx_word' id='word_1_138' title='bbox 362 2081 419 2130; x_wconf 83' lang='lat' dir='ltr'>AEn.</span> <span class='ocrx_word' id='word_1_139' title='bbox 429 2081 461 2128; x_wconf 83' lang='lat' dir='ltr'>xi.</span> <span class='ocrx_word' id='word_1_140' title='bbox 472 2092 526 2143; x_wconf 81' lang='lat'>513.</span> <span class='ocrx_word' id='word_1_141' title='bbox 543 2080 583 2126; x_wconf 81' lang='lat' dir='ltr'>xii.</span> <span class='ocrx_word' id='word_1_142' title='bbox 596 2078 650 2140; x_wconf 82' lang='lat'>585.</span> <span class='ocrx_word' id='word_1_143' title='bbox 665 2079 703 2125; x_wconf 86' lang='lat' dir='ltr'>ubi</span> <span class='ocrx_word' id='word_1_144' title='bbox 714 2085 760 2126; x_wconf 71' lang='lat' dir='ltr'>not.</span> <span class='ocrx_word' id='word_1_145' title='bbox 795 2079 886 2126; x_wconf 87' lang='lat' dir='ltr'>Tritum</span> <span class='ocrx_word' id='word_1_146' title='bbox 896 2079 935 2127; x_wconf 83' lang='lat' dir='ltr'>est.</span> 
     </span>
    </p>

    <p class='ocr_par' dir='ltr' id='par_1_7' title="bbox 184 2165 1084 2850">
     <span class='ocr_line' id='line_1_22' title="bbox 274 2165 1045 2232; baseline -0.004 -14"><span class='ocrx_word' id='word_1_147' title='bbox 274 2172 331 2218; x_wconf 85' lang='lat' dir='ltr'>Ver.</span> <span class='ocrx_word' id='word_1_148' title='bbox 348 2167 405 2232; x_wconf 88' lang='grc' dir='ltr'>5ι6.</span> <span class='ocrx_word' id='word_1_149' title='bbox 434 2169 515 2230; x_wconf 87' lang='lat' dir='ltr'>Sequor</span> <span class='ocrx_word' id='word_1_150' title='bbox 532 2167 641 2214; x_wconf 86' lang='lat' dir='ltr'>Macrobii</span> <span class='ocrx_word' id='word_1_151' title='bbox 658 2165 785 2223; x_wconf 77' lang='lat' dir='ltr'>lediionem,</span> <span class='ocrx_word' id='word_1_152' title='bbox 809 2167 898 2213; x_wconf 87' lang='lat' dir='ltr'>Satutn.</span> <span class='ocrx_word' id='word_1_153' title='bbox 916 2183 939 2213; x_wconf 90' lang='lat' dir='ltr'>v.</span> <span class='ocrx_word' id='word_1_154' title='bbox 958 2180 998 2215; x_wconf 87' lang='lat'>11.</span> <span class='ocrx_word' id='word_1_155' title='bbox 1022 2179 1045 2218; x_wconf 90' lang='lat' dir='ltr'>et</span> 
     </span>
     <span class='ocr_line' id='line_1_23' title="bbox 241 2254 1045 2316; baseline -0.004 -9"><span class='ocrx_word' id='word_1_156' title='bbox 241 2259 359 2308; x_wconf 82' lang='lat' dir='ltr'>nonnullos</span> <span class='ocrx_word' id='word_1_157' title='bbox 367 2259 457 2306; x_wconf 80' lang='lat' dir='ltr'>codices.</span> <span class='ocrx_word' id='word_1_158' title='bbox 486 2257 572 2304; x_wconf 86' lang='lat' dir='ltr'>Locum</span> <span class='ocrx_word' id='word_1_159' title='bbox 583 2265 722 2302; x_wconf 81' lang='lat' dir='ltr'>correxerunt</span> <span class='ocrx_word' id='word_1_160' title='bbox 732 2254 814 2302; x_wconf 85' lang='lat' dir='ltr'>librarii</span> <span class='ocrx_word' id='word_1_161' title='bbox 825 2269 864 2316; x_wconf 87' lang='lat' dir='ltr'>pto</span> <span class='ocrx_word' id='word_1_162' title='bbox 874 2268 936 2302; x_wconf 89' lang='lat' dir='ltr'>more</span> <span class='ocrx_word' id='word_1_163' title='bbox 946 2269 974 2302; x_wconf 80' lang='lat' dir='ltr'>ex</span> <span class='ocrx_word' id='word_1_164' title='bbox 986 2257 1045 2304; x_wconf 81' lang='lat' dir='ltr'>AEo.</span> 
     </span>
     <span class='ocr_line' id='line_1_24' title="bbox 184 2343 1042 2408; baseline -0.003 -13"><span class='ocrx_word' id='word_1_165' title='bbox 184 2359 185 2362; x_wconf 76' lang='grc'>’</span> <span class='ocrx_word' id='word_1_166' title='bbox 240 2348 257 2394; x_wconf 91' lang='lat' dir='ltr'>i.</span> <span class='ocrx_word' id='word_1_167' title='bbox 268 2359 323 2408; x_wconf 82' lang='grc'><strong>744.</strong></span> <span class='ocrx_word' id='word_1_168' title='bbox 356 2346 420 2394; x_wconf 87' lang='lat' dir='ltr'>Nihil</span> <span class='ocrx_word' id='word_1_169' title='bbox 430 2345 499 2392; x_wconf 84' lang='lat' dir='ltr'>obstat</span> <span class='ocrx_word' id='word_1_170' title='bbox 511 2345 666 2407; x_wconf 82' lang='lat' dir='ltr'>diphthongus,</span> <span class='ocrx_word' id='word_1_171' title='bbox 683 2359 750 2405; x_wconf 88' lang='lat' dir='ltr'>quam</span> <span class='ocrx_word' id='word_1_172' title='bbox 765 2343 865 2404; x_wconf 84' lang='lat' dir='ltr'>sequente</span> <span class='ocrx_word' id='word_1_173' title='bbox 878 2343 948 2390; x_wconf 84' lang='lat' dir='ltr'>vocali</span> <span class='ocrx_word' id='word_1_174' title='bbox 963 2345 1042 2406; x_wconf 79' lang='lat' dir='ltr'>pnffim</span> 
     </span>
     <span class='ocr_line' id='line_1_25' title="bbox 240 2431 1042 2502; baseline -0.002 -21"><span class='ocrx_word' id='word_1_175' title='bbox 240 2434 361 2496; x_wconf 86' lang='lat' dir='ltr'>corripiunt</span> <span class='ocrx_word' id='word_1_176' title='bbox 370 2435 501 2502; x_wconf 82' lang='lat' dir='ltr'>Graecorum</span> <span class='ocrx_word' id='word_1_177' title='bbox 517 2431 664 2494; x_wconf 83' lang='lat' dir='ltr'>probatiilimi.</span> <span class='ocrx_word' id='word_1_178' title='bbox 694 2431 768 2478; x_wconf 71' lang='lat' dir='ltr'>Adeon</span> <span class='ocrx_word' id='word_1_179' title='bbox 782 2431 845 2477; x_wconf 82' lang='lat' dir='ltr'>Statii</span> <span class='ocrx_word' id='word_1_180' title='bbox 860 2431 916 2478; x_wconf 80' lang='lat' dir='ltr'>silv.</span> <span class='ocrx_word' id='word_1_181' title='bbox 925 2431 945 2478; x_wconf 71' lang='lat' dir='ltr'>i..</span> <span class='ocrx_word' id='word_1_182' title='bbox 960 2444 982 2492; x_wconf 86' lang='lat'>3.</span> <span class='ocrx_word' id='word_1_183' title='bbox 1001 2444 1042 2494; x_wconf 86' lang='grc'>95.</span> 
     </span>
     <span class='ocr_line' id='line_1_26' title="bbox 240 2516 1041 2578; baseline -0.006 -7"><span class='ocrx_word' id='word_1_184' title='bbox 240 2533 262 2571; x_wconf 90' lang='lat' dir='ltr'>et</span> <span class='ocrx_word' id='word_1_185' title='bbox 278 2523 308 2570; x_wconf 91' lang='lat' dir='ltr'>ibi</span> <span class='ocrx_word' id='word_1_186' title='bbox 323 2521 492 2571; x_wconf 79' lang='lat' dir='ltr'>Marklandurn.</span> <span class='ocrx_word' id='word_1_187' title='bbox 524 2521 615 2566; x_wconf 82' lang='lat' dir='ltr'>Facetus</span> <span class='ocrx_word' id='word_1_188' title='bbox 628 2516 694 2578; x_wconf 75' lang='lat' dir='ltr'>igitir</span> <span class='ocrx_word' id='word_1_189' title='bbox 709 2518 818 2566; x_wconf 82' lang='lat' dir='ltr'>habendus</span> <span class='ocrx_word' id='word_1_190' title='bbox 828 2519 860 2564; x_wconf 82' lang='lat' dir='ltr'>est</span> <span class='ocrx_word' id='word_1_191' title='bbox 874 2533 927 2565; x_wconf 86' lang='lat' dir='ltr'>cum</span> <span class='ocrx_word' id='word_1_192' title='bbox 939 2516 977 2565; x_wconf 78' lang='lat' dir='ltr'>sud</span> <span class='ocrx_word' id='word_1_193' title='bbox 988 2521 1041 2566; x_wconf 82' lang='lat' dir='ltr'>otili</span> 
     </span>
     <span class='ocr_line' id='line_1_27' title="bbox 241 2589 1084 2674; baseline -0.004 -16"><span class='ocrx_word' id='word_1_194' title='bbox 241 2611 350 2674; x_wconf 78' lang='lat' dir='ltr'>Heyniuo.</span> <span class='ocrx_word' id='word_1_195' title='bbox 382 2610 430 2656; x_wconf 83' lang='lat' dir='ltr'>Nos</span> <span class='ocrx_word' id='word_1_196' title='bbox 440 2609 495 2655; x_wconf 82' lang='lat' dir='ltr'>hanc</span> <span class='ocrx_word' id='word_1_197' title='bbox 506 2622 554 2654; x_wconf 81' lang='lat' dir='ltr'>tent</span> <span class='ocrx_word' id='word_1_198' title='bbox 563 2603 640 2668; x_wconf 73' lang='lat' dir='ltr'>saeptis</span> <span class='ocrx_word' id='word_1_199' title='bbox 650 2606 771 2666; x_wconf 81' lang='lat' dir='ltr'>tetigimus,</span> <span class='ocrx_word' id='word_1_200' title='bbox 781 2617 803 2653; x_wconf 89' lang='lat' dir='ltr'>et</span> <span class='ocrx_word' id='word_1_201' title='bbox 814 2608 862 2669; x_wconf 84' lang='lat' dir='ltr'>plus</span> <span class='ocrx_word' id='word_1_202' title='bbox 872 2604 1042 2655; x_wconf 83' lang='lat' dir='ltr'>semelmnotts</span> <span class='ocrx_word' id='word_1_203' title='bbox 1083 2589 1084 2596; x_wconf 10' lang='grc' dir='ltr'>ἵ</span> 
     </span>
     <span class='ocr_line' id='line_1_28' title="bbox 240 2692 1041 2814; baseline -0.005 -68"><span class='ocrx_word' id='word_1_204' title='bbox 240 2699 267 2747; x_wconf 89' lang='lat' dir='ltr'>ad</span> <span class='ocrx_word' id='word_1_205' title='bbox 277 2699 385 2749; x_wconf 83' lang='lat' dir='ltr'>nostrum</span> <span class='ocrx_word' id='word_1_206' title='bbox 391 2696 527 2746; x_wconf 73' lang='lat' dir='ltr'>‘Deledhum</span> <span class='ocrx_word' id='word_1_207' title='bbox 542 2693 699 2755; x_wconf 70' lang='lat' dir='ltr'>tragoediarum</span> <span class='ocrx_word' id='word_1_208' title='bbox 709 2693 857 2751; x_wconf 81' lang='lat' dir='ltr'>Gtarcarum‚&#39;</span> <span class='ocrx_word' id='word_1_209' title='bbox 874 2692 943 2758; x_wconf 77' lang='lat' dir='ltr'>nupir</span> <span class='ocrx_word' id='word_1_210' title='bbox 956 2695 1041 2814; x_wconf 81' lang='lat' dir='ltr'>publici</span> 
     </span>
     <span class='ocr_line' id='line_1_29' title="bbox 237 2785 679 2850; baseline -0.002 -16"><span class='ocrx_word' id='word_1_211' title='bbox 237 2787 294 2850; x_wconf 78' lang='lat' dir='ltr'>juris</span> <span class='ocrx_word' id='word_1_212' title='bbox 304 2785 399 2835; x_wconf 69' lang='lat' dir='ltr'>fidium.</span> <span class='ocrx_word' id='word_1_213' title='bbox 675 2801 679 2808; x_wconf 92' lang='lat'>·</span> 
     </span>
    </p>
   </div>
   <div class='ocr_carea' id='block_1_3' title="bbox 506 3017 765 3064">
    <p class='ocr_par' dir='ltr' id='par_1_8' title="bbox 506 3017 765 3064">
     <span class='ocr_line' id='line_1_30' title="bbox 506 3017 765 3064; baseline -0.015 -14"><span class='ocrx_word' id='word_1_214' title='bbox 506 3017 765 3064; x_wconf 46' lang='lat' dir='ltr'>...we</span> 
     </span>
    </p>
   </div>
   <div class='ocr_carea' id='block_1_4' title="bbox 432 3129 825 3214">
    <p class='ocr_par' dir='ltr' id='par_1_9' title="bbox 432 3129 825 3214">
     <span class='ocr_line' id='line_1_31' title="bbox 432 3129 825 3214; baseline 0.008 -5"><span class='ocrx_word' id='word_1_215' title='bbox 432 3164 556 3214; x_wconf 65' lang='lat' dir='ltr'>,urnis</span> <span class='ocrx_word' id='word_1_216' title='bbox 582 3163 610 3211; x_wconf 81' lang='lat' dir='ltr'>n</span> <span class='ocrx_word' id='word_1_217' title='bbox 636 3129 825 3212; x_wconf 71' lang='lat' dir='ltr'>nuntior.</span> 
     </span>
    </p>
   </div>
   <div class='ocr_carea' id='block_1_5' title="bbox 0 0 1108 3574">
    <p class='ocr_par' dir='ltr' id='par_1_10' title="bbox 0 0 1108 3574">
     <span class='ocr_line' id='line_1_32' title="bbox 0 0 1108 3574; baseline 0 2"><span class='ocrx_word' id='word_1_218' title='bbox 0 0 1108 3574; x_wconf 95' lang='lat' dir='ltr'> </span> 
     </span>
    </p>
   </div>
  </div>
 </body>
</html>
