2236 3584
150 225 179 268 v.
192 213 261 266 421.
458 205 558 264 LIB.
598 205 651 264 IV.
722 209 727 216 “
894 211 945 262 121

150 362 304 440 Deprensis
316 360 387 420 olim
400 361 482 420 statio
495 361 631 420 tutiffima
643 359 754 420 nautis:

152 467 235 524 Intus
248 465 277 522 se
289 465 358 523 vassi
371 467 486 522 Proteus
499 465 573 541 tegit
585 464 676 542 objice
689 464 759 522 saxi.

151 569 212 628 Hic
215 569 353 646 juvenem
360 569 389 626 in
398 565 960 644 latebris,aversumalumine,Nympba¹

154 673 308 732 Conlocat:
330 673 391 749 ipsa
404 673 511 749 procul,
533 673 645 730 nebulis
659 673 786 742 obscura,
807 671 916 730 resistit.

154 777 220 854 Jam
233 776 349 834 rabidus
361 785 469 834 torrens
483 775 602 833 sitientis
616 776 704 833 Sirius
718 776 803 837 Indos

141 893 143 896 '
154 881 285 938 Ardebat
297 880 377 947 eoelo,
397 889 426 938 et
437 880 565 936 medium
579 880 625 938 s01
638 880 741 956 igneus
754 881 851 936 orbem

154 982 297 1041 Hauserat
302 1007 311 1054 3
333 985 451 1041 arebant
463 983 567 1053 herbae,
588 991 618 1040 et
629 1001 698 1040 cava
711 982 831 1039 flumina
845 981 925 1040 liceis

155 1086 295 1145 Faucibus
309 1088 344 1144 ad
356 1085 460 1144 linium
473 1087 545 1144 radii
558 1087 698 1162 tepefacta
712 1088 885 1161 coquebant:

156 1190 259 1248 Quum
272 1191 396 1259 Proteus,
409 1190 542 1248 consueta
551 1198 654 1266 petens
666 1209 683 1246 e
695 1189 830 1248 fluetibus
842 1187 945 1259 antra,'

156 1295 235 1365 Ibat;
257 1312 325 1379 eum
334 1293 403 1352 vasti
416 1293 525 1350 circum
538 1312 608 1370 gens
621 1293 739 1351 humida
752 1293 835 1370 ponti

157 1395 309 1454 Exsultans
322 1415 414 1453 rorem
428 1397 486 1454 late
498 1396 627 1474 dispersit
639 1416 777 1455 amarum.

157 1501 293 1558 Sternunt
305 1499 334 1556 se
347 1499 445 1558 somno
458 1500 575 1558 diversae
587 1501 618 1558 in
631 1501 714 1558 litore
727 1501 841 1577 phocae:

158 1603 231 1680 Ipse,
251 1603 333 1660 velut
345 1603 445 1666 stabuli
458 1603 547 1661 custos
559 1605 590 1660 in
604 1605 751 1662 montibus
763 1605 844 1674 olim,

158 1705 267 1782 Vesper
278 1707 328 1764 ubi
341 1726 358 1763 e
370 1707 449 1783 pastu
461 1707 564 1764 vitulos
577 1708 611 1764 ad
626 1709 700 1766 tetta
711 1707 833 1776 reducit,

158 1810 332 1886 Auditisque
344 1811 426 1887 lupos
439 1822 545 1868 acuunt
558 1811 700 1868 balatibus
713 1811 791 1888 agni,

159 1913 417 1990 confidit-scopulo
427 1915 547 1982 medius,
567 1933 777 1990 numerumque
790 1911 927 1974 recenset.

160 2016 249 2095 Cujus
262 2018 382 2075 Aristaeo
395 2017 584 2093 quoniam'est
600 2018 694 2075 oblata
707 2018 837 2088 facultas,

159 2120 219 2178 Vix
232 2121 336 2179 defeffa
348 2119 445 2178 senem
457 2121 548 2197 paffus
562 2139 721 2198 conponere
733 2124 871 2192 membra,

161 2225 238 2282 Cum
251 2225 374 2282 clamore
387 2224 445 2281 ruit
457 2243 573 2300 magno,
595 2225 772 2301 manicisque
781 2224 925 2301 jacentem

161 2329 301 2404 Occupat.
340 2327 403 2398 llle,
424 2326 481 2385 suae
493 2339 591 2385 contra
604 2347 662 2386 non
675 2329 817 2386 inmemor
829 2329 905 2401 artis,

161 2430 269 2490 Omnia
281 2433 464 2490 transformat
478 2431 536 2488 sese
549 2432 580 2488 in
594 2431 732 2490 miracula
746 2452 850 2503 rerum,
945 2429 948 2442 '

161 2533 330 2609 Ignemque‚
350 2533 575 2609 horribilemque
595 2535 695 2603 feram,
721 2535 899 2612 fluviumque
919 2534 956 2594 li:

240 2643 386 2710 quentem.

161 2739 281 2806 Verum,
300 2737 353 2794 ubi
365 2737 442 2794 nulla
456 2737 556 2814 fugam
569 2737 674 2814 reperit
687 2737 815 2814 pellacia,
828 2737 919 2794 vietus

162 2842 199 2902 In
212 2840 270 2898 sese
281 2839 365 2908 redit,
384 2849 470 2915 atque
483 2839 608 2898 hominis
622 2841 737 2898 tandem
747 2859 796 2897 ore
808 2839 935 2898 locutuse
962 2846 964 2850 ’

163 2943 320 3018 Numquis
334 2951 371 3011 te,
388 2941 530 3018 juvenum
542 2941 787 3014 confidentiffime,
808 2942 913 3001 nostras

39 3096 44 3102 .
160 3045 248 3132 Juffit
260 3046 339 3104 adire
351 3047 467 3104 domus?
484 3045 590 3122 quidve
602 3046 671 3103 hinc
680 3045 770 3124 petis?
790 3046 896 3123 inquit.
916 3048 959 3106 At

242 3147 292 3207 ille
302 3170 309 3205 ε
