2208 3574
444 228 490 276 IN
513 227 758 276 vtitGILttiM

204 383 250 416 non
260 365 322 416 atriti
332 368 355 414 in
365 369 407 416 suis
422 369 482 416 libris
496 369 605 427 invenisse,
622 371 644 416 ni
656 370 724 416 velint
735 366 876 428 ineptiarum,
893 363 1008 427 proposito

205 456 288 517 prorsbs
297 457 427 514 alienarum,
441 457 546 519 postulare
555 457 667 504 criticum.

238 546 290 591 Ver.
304 545 358 603 167.
378 543 467 592 Admisi
477 559 504 590 ex
516 541 641 606 conjeslurss
656 543 801 606 ‘excipiunt'
817 553 867 589 tum
878 538 934 604 qubd
947 555 1012 602 pro·

205 633 282 694 prietas
298 632 401 678 sermonis
416 632 437 678 id
454 633 533 693 poscat,
549 643 598 678 tum
616 630 674 694 qudd
689 631 774 676 Plinius
791 627 822 678 iti
836 631 862 676 de
875 629 915 674 liae
930 643 953 673 re
964 628 1011 674 lo·

204 731 292 783 quatur,
308 719 371 782 proiit
381 719 434 768 aliis
443 721 550 780 dixerim5
568 737 607 767 noc
617 720 700 777 minds,
715 718 773 782 qubd
788 735 844 766 mox
860 719 1007 779 subsequatur

204 825 248 856 vox
259 810 396 871 ‘accipiunt'
407 808 484 870 parum
492 805 587 870 jucundi
602 809 735 872 repetitione.
767 810 820 872 Jarii
831 807 893 854 video
906 806 1005 852 conseia-

205 897 247 943 tire
255 897 353 944 codicem
363 898 390 944 ad
399 897 452 944 AEn.
465 897 480 942 i.
490 910 546 957 434.
562 897 600 943 ubi
610 898 670 944 locus
678 897 736 942 idem
747 894 845 942 recurrit.

238 986 295 1032 Ver.
307 985 362 1032 208.
383 987 468 1032 locuni
483 985 529 1031 dedi
544 985 675 1044 conjesturae
685 984 783 1030 Bentleio
795 984 874 1043 dignae,
888 983 914 1030 ad
925 984 1004 1030 Luca-

206 1089 271 1132 num,
280 1074 313 1121 iii.
328 1073 382 1120 182.
397 1072 446 1120 viro
456 1074 544 1120 summo
552 1074 672 1135 propositae,
681 1074 730 1120 vire
740 1072 811 1132 frigidi
822 1073 920 1120 vocabuli
932 1079 940 1104 ‘
946 1087 1004 1119 ma·

205 1162 258 1218 net!
291 1161 379 1208 Necesse
389 1161 428 1220 est,
442 1161 531 1220 diligetis
546 1161 614 1207 letior
623 1161 730 1208 notaverit
738 1161 830 1207 verbum
841 1161 1003 1208 substantivum

205 1246 316 1312 saepislinib
331 1250 354 1294 iii
365 1251 405 1295 lioc
416 1248 516 1311 po‘e'mate
526 1249 620 1296 reticeri:
638 1258 660 1295 et
669 1249 729 1295 locus
738 1249 844 1308 gemellus
854 1248 910 1294 mihi
919 1248 1003 1294 obver-

206 1338 263 1384 satus
272 1338 302 1384 est
313 1337 336 1382 in
346 1337 451 1398 Apuleio,
464 1337 539 1384 dedeo
549 1337 649 1394 Socratis,
659 1352 707 1398 pag.
716 1351 755 1398 43.
771 1337 823 1384 edit.
836 1337 1004 1396 Elmuihorstii,

205 1441 273 1492 quem
291 1425 366 1472 lesloti
382 1425 466 1472 lislam:
494 1425 622 1472 “Fortuna
639 1427 726 1483 caduca,
747 1425 873 1486 singillatim
889 1426 1002 1484 mortales,

206 1518 224 1546 “
233 1514 307 1562 cunsti
320 1511 422 1560 ‘tam't'ii'
433 1512 532 1560 universo
541 1529 617 1574 genere
627 1513 749 1576 perpetui.''
770 1515 887 1560 Maronem
898 1514 1001 1560 nostrum

206 1602 230 1650 in
246 1600 323 1659 oculis,
342 1601 427 1663 opinor,
442 1601 517 1648 babuit
531 1602 621 1662 scriptor
635 1601 681 1663 post
696 1601 784 1647 nullum
799 1601 925 1664 exquisitus.
955 1601 1001 1650 vi-

205 1690 255 1737 deas
271 1687 339 1738 crisim
356 1689 410 1738 AEu.
421 1691 439 1736 i.
456 1702 514 1749 477.
546 1686 652 1752 Similiter
668 1688 809 1748 Claudianus,
828 1689 855 1735 de
870 1704 930 1736 cous·
948 1689 1001 1736 stit.

207 1779 239 1826 iii.
256 1792 311 1840 245.

334 1870 450 1925 lncomtie,
466 1869 605 1930 pulchraeque
615 1865 718 1916 ‘tamin’

238 1957 291 2003 Ver.
303 1955 358 2016 258.
384 1957 442 2003 Aliis
451 1971 536 2019 quoque
546 1955 625 2004 meritb
638 1957 719 2018 pbrcuit
729 1958 775 2004 baec
784 1955 902 2005 distinctio.

238 2044 294 2090 Ver.
304 2045 334 2090 26
338 2055 359 2104 5.
381 2042 416 2090 lta
426 2045 599 2104 distinguendum
605 2064 611 2102 ς
629 2045 688 2107 quasi
698 2045 792 2092 dixerati
810 2049 827 2077 “
837 2046 874 2092 Ne
883 2044 999 2106 exspestes,

205 2136 224 2186 ‘.‘
236 2113 262 2178 ut
271 2131 311 2178 tlbi
321 2147 360 2193 pro
368 2147 429 2178 more
438 2132 545 2194 praebeant
554 2148 603 2196 apes
614 2134 669 2192 mel3
687 2142 712 2178 tu
723 2133 766 2180 illis
775 2131 832 2180 ultrb
839 2133 897 2180 deser
904 2133 929 2180 :’'
940 2135 999 2196 quod

206 2220 312 2282 perspexit
320 2217 389 2266 etiim
400 2221 495 2266 vetustus
505 2221 608 2282 interpres
616 2221 672 2282 apud
682 2237 727 2267 me.

239 2309 292 2352 Ver.
303 2320 359 2368 ²93·
381 2308 416 2354 Sic
426 2309 540 2367 legendum
551 2308 591 2354 esse
600 2308 749 2369 conjiciebam,
765 2309 872 2371 persuasus
886 2310 998 2370 elegantis·

206 2395 287 2442 simum
299 2394 386 2456 po'e'tarn
396 2397 478 2442 variare
487 2397 575 2444 voluisse
584 2407 680 2443 tenorem
691 2397 802 2455 orationis,
814 2397 867 2444 clim
878 2398 1002 2448 invenirem

206 2492 228 2530 et
246 2482 343 2528 codicem
362 2486 369 2512 ‘
378 2481 498 2530 secundet’.
509 2484 654 2546 suppeditare;
676 2501 725 2547 quae
744 2486 809 2534 tectio
825 2487 898 2533 statim
915 2487 998 2547 flagitat

206 2571 260 2616 ‘ut'
271 2585 309 2632 pro
320 2571 378 2616 ‘etr'
396 2586 464 2632 neque
470 2571 519 2632 jani
526 2572 648 2634 videoquid
655 2574 678 2620 in
688 2573 784 2620 hocloco
792 2574 901 2621 desiderari
910 2577 999 2637 poterit.

237 2659 291 2705 Ver.
302 2671 314 2718 3
318 2670 356 2718 55.
379 2657 439 2705 Ciliii
448 2661 472 2706 iu
482 2659 574 2706 confesso
584 2659 609 2706 sit
619 2661 675 2722 apud
683 2662 776 2708 eruditos
784 2662 885 2710 vitiosam
896 2664 936 2710 elle
946 2665 1004 2711 vul-

204 2755 277 2804 getam
288 2746 413 2804 lestionem,
430 2744 519 2808 nequest
529 2748 619 2807 Virgilii
630 2764 697 2796 manu
707 2750 752 2796 ullo
764 2750 830 2796 inodo
839 2750 944 2813 proficisci
954 2768 995 2813 po-

205 2833 275 2890 tuisse,
292 2834 355 2880 venia
365 2835 453 2882 concedi
461 2835 522 2881 debet
532 2837 677 2884 emendationi
687 2838 765 2884 nostiae
774 2855 800 2884 ex
811 2840 898 2898 ingenio
902 2858 909 2898 ς
927 2855 995 2902 quani

205 2920 251 2966 veri
268 2919 403 2968 simillimam
419 2923 557 2970 arbitramur.
592 2923 687 2988 Nempi,
707 2925 759 2972 cilni
777 2928 800 2973 iii
818 2928 859 2974 hoc
877 2927 1001 2980 honorifico.

206 3006 246 3056 usu
259 3005 322 3066 ionga
332 3007 428 3054 usitatior
439 3009 464 3056 sit
474 3025 517 3058 vor
528 3014 537 3040 ‘
542 3012 615 3072 pater’
626 3010 694 3072 quim
705 3015 822 3073 ‘genitor,'
839 3016 942 3078 interpres
955 3017 999 3064 ali·

206 3093 255 3157 puls
265 3095 357 3154 margini
370 3096 490 3160 ascripserat
504 3098 609 3161 posterius
617 3099 759 3161 vocabulum,
773 3113 799 3150 ut
812 3105 941 3168 intelligeret
949 3109 998 3158 ke,
