<?xml version="1.0" encoding="UTF-8"?>
<!DOCTYPE html PUBLIC "-//W3C//DTD XHTML 1.0 Transitional//EN"
    "http://www.w3.org/TR/xhtml1/DTD/xhtml1-transitional.dtd">
<html xmlns="http://www.w3.org/1999/xhtml" xml:lang="en" lang="en">
 <head>
  <title>
</title>
<meta http-equiv="Content-Type" content="text/html;charset=utf-8" />
  <meta name='ocr-system' content='tesseract 3.04.00' />
  <meta name='ocr-capabilities' content='ocr_page ocr_carea ocr_par ocr_line ocrx_word'/>
</head>
<body>
  <div class='ocr_page' id='page_1' title='image "./pvirgiliimaroni02wakegoog/pvirgiliimaroni02wakegoog_0218.png"; bbox 0 0 2242 3576; ppageno 0'>
   <div class='ocr_carea' id='block_1_1' title="bbox 180 161 977 266">
    <p class='ocr_par' dir='ltr' id='par_1_1' title="bbox 180 161 977 266">
     <span class='ocr_line' id='line_1_1' title="bbox 180 161 977 266; baseline 0.001 -15"><span class='ocrx_word' id='word_1_1' title='bbox 180 210 208 251; x_wconf 78' lang='lat' dir='ltr'>r.</span> <span class='ocrx_word' id='word_1_2' title='bbox 222 198 288 264; x_wconf 77' lang='lat'>⁵72.</span> <span class='ocrx_word' id='word_1_3' title='bbox 501 193 599 254; x_wconf 89' lang='lat' dir='ltr'>LIB.</span> <span class='ocrx_word' id='word_1_4' title='bbox 639 161 663 252; x_wconf 88' lang='grc' dir='ltr'>Ϊ.</span> <span class='ocrx_word' id='word_1_5' title='bbox 845 261 848 266; x_wconf 41' lang='grc'>,</span> <span class='ocrx_word' id='word_1_6' title='bbox 916 199 977 263; x_wconf 77' lang='lat'>207</span> 
     </span>
    </p>
   </div>
   <div class='ocr_carea' id='block_1_2' title="bbox 179 319 951 1037">
    <p class='ocr_par' dir='ltr' id='par_1_2' title="bbox 179 319 951 935">
     <span class='ocr_line' id='line_1_2' title="bbox 180 319 899 426; baseline 0 -20"><span class='ocrx_word' id='word_1_7' title='bbox 180 348 277 406; x_wconf 84' lang='lat' dir='ltr'>Vultis</span> <span class='ocrx_word' id='word_1_8' title='bbox 290 356 320 406; x_wconf 84' lang='lat' dir='ltr'>et</span> <span class='ocrx_word' id='word_1_9' title='bbox 333 347 377 406; x_wconf 81' lang='lat' dir='ltr'>his</span> <span class='ocrx_word' id='word_1_10' title='bbox 386 319 502 408; x_wconf 49' lang='lat' dir='ltr'>‘mecum</span> <span class='ocrx_word' id='word_1_11' title='bbox 514 349 620 426; x_wconf 86' lang='lat' dir='ltr'>pariter</span> <span class='ocrx_word' id='word_1_12' title='bbox 633 349 775 409; x_wconf 88' lang='lat' dir='ltr'>confidere</span> <span class='ocrx_word' id='word_1_13' title='bbox 788 347 899 426; x_wconf 83' lang='lat' dir='ltr'>regnis?</span> 
     </span>
     <span class='ocr_line' id='line_1_3' title="bbox 181 449 951 527; baseline 0.001 -20"><span class='ocrx_word' id='word_1_14' title='bbox 181 449 293 508; x_wconf 84' lang='lat' dir='ltr'>Urbem</span> <span class='ocrx_word' id='word_1_15' title='bbox 305 471 392 527; x_wconf 83' lang='lat' dir='ltr'>quam</span> <span class='ocrx_word' id='word_1_16' title='bbox 405 451 504 520; x_wconf 77' lang='lat' dir='ltr'>statuo,</span> <span class='ocrx_word' id='word_1_17' title='bbox 517 453 606 510; x_wconf 84' lang='lat' dir='ltr'>vestra</span> <span class='ocrx_word' id='word_1_18' title='bbox 619 453 671 509; x_wconf 86' lang='lat' dir='ltr'>est:</span> <span class='ocrx_word' id='word_1_19' title='bbox 693 451 842 509; x_wconf 83' lang='lat' dir='ltr'><strong>subducite</strong></span> <span class='ocrx_word' id='word_1_20' title='bbox 854 469 951 508; x_wconf 73' lang='lat' dir='ltr'>naves:</span> 
     </span>
     <span class='ocr_line' id='line_1_4' title="bbox 180 551 900 630; baseline 0.006 -21"><span class='ocrx_word' id='word_1_21' title='bbox 180 551 252 610; x_wconf 86' lang='lat' dir='ltr'>Tros</span> <span class='ocrx_word' id='word_1_22' title='bbox 264 553 425 630; x_wconf 84' lang='lat' dir='ltr'>Tyriusque</span> <span class='ocrx_word' id='word_1_23' title='bbox 438 553 511 610; x_wconf 90' lang='lat' dir='ltr'>mihi</span> <span class='ocrx_word' id='word_1_24' title='bbox 523 555 603 612; x_wconf 89' lang='lat' dir='ltr'>nullo</span> <span class='ocrx_word' id='word_1_25' title='bbox 616 553 778 616; x_wconf 84' lang='lat' dir='ltr'>discrimine</span> <span class='ocrx_word' id='word_1_26' title='bbox 790 563 900 630; x_wconf 79' lang='lat' dir='ltr'>agetur.</span> 
     </span>
     <span class='ocr_line' id='line_1_5' title="bbox 180 654 934 733; baseline 0 -21"><span class='ocrx_word' id='word_1_27' title='bbox 180 654 280 730; x_wconf 84' lang='lat' dir='ltr'>Atque</span> <span class='ocrx_word' id='word_1_28' title='bbox 295 654 406 714; x_wconf 76' lang='lat' dir='ltr'>utinam</span> <span class='ocrx_word' id='word_1_29' title='bbox 418 657 467 713; x_wconf 80' lang='lat' dir='ltr'>rex</span> <span class='ocrx_word' id='word_1_30' title='bbox 481 654 549 733; x_wconf 89' lang='lat' dir='ltr'>ipse,</span> <span class='ocrx_word' id='word_1_31' title='bbox 568 656 648 714; x_wconf 87' lang='lat' dir='ltr'>Noto</span> <span class='ocrx_word' id='word_1_32' title='bbox 662 655 812 732; x_wconf 87' lang='lat' dir='ltr'>conpulsus</span> <span class='ocrx_word' id='word_1_33' title='bbox 825 657 934 727; x_wconf 90' lang='lat' dir='ltr'>eodem,</span> 
     </span>
     <span class='ocr_line' id='line_1_6' title="bbox 180 757 857 834; baseline 0 -20"><span class='ocrx_word' id='word_1_34' title='bbox 180 757 305 817; x_wconf 87' lang='lat' dir='ltr'>Adforet</span> <span class='ocrx_word' id='word_1_35' title='bbox 316 757 437 815; x_wconf 82' lang='lat' dir='ltr'>AEneas!</span> <span class='ocrx_word' id='word_1_36' title='bbox 459 757 594 834; x_wconf 88' lang='lat' dir='ltr'>equidem</span> <span class='ocrx_word' id='word_1_37' title='bbox 605 776 656 834; x_wconf 89' lang='lat' dir='ltr'>per</span> <span class='ocrx_word' id='word_1_38' title='bbox 668 757 753 814; x_wconf 86' lang='lat' dir='ltr'>litora</span> <span class='ocrx_word' id='word_1_39' title='bbox 766 766 857 816; x_wconf 86' lang='lat' dir='ltr'>certos</span> 
     </span>
     <span class='ocr_line' id='line_1_7' title="bbox 179 857 905 935; baseline 0.001 -19"><span class='ocrx_word' id='word_1_40' title='bbox 179 857 345 928; x_wconf 85' lang='lat' dir='ltr'>Dimittam‚</span> <span class='ocrx_word' id='word_1_41' title='bbox 365 869 395 916; x_wconf 84' lang='lat' dir='ltr'>et</span> <span class='ocrx_word' id='word_1_42' title='bbox 408 859 508 934; x_wconf 80' lang='lat' dir='ltr'>Libyae</span> <span class='ocrx_word' id='word_1_43' title='bbox 520 860 634 916; x_wconf 87' lang='lat' dir='ltr'>lustrare</span> <span class='ocrx_word' id='word_1_44' title='bbox 647 868 774 916; x_wconf 82' lang='lat' dir='ltr'>extrema</span> <span class='ocrx_word' id='word_1_45' title='bbox 784 858 891 935; x_wconf 82' lang='lat' dir='ltr'>jubebo</span> <span class='ocrx_word' id='word_1_46' title='bbox 896 884 905 931; x_wconf 87' lang='lat'>;</span> 
     </span>
    </p>

    <p class='ocr_par' dir='ltr' id='par_1_3' title="bbox 181 960 851 1037">
     <span class='ocr_line' id='line_1_8' title="bbox 181 960 851 1037; baseline 0.001 -20"><span class='ocrx_word' id='word_1_47' title='bbox 181 960 211 1018; x_wconf 87' lang='lat' dir='ltr'>Si</span> <span class='ocrx_word' id='word_1_48' title='bbox 224 961 327 1036; x_wconf 88' lang='lat' dir='ltr'>quibus</span> <span class='ocrx_word' id='word_1_49' title='bbox 340 960 444 1037; x_wconf 72' lang='lat' dir='ltr'>ejestus</span> <span class='ocrx_word' id='word_1_50' title='bbox 457 961 540 1029; x_wconf 86' lang='lat' dir='ltr'>filvis,</span> <span class='ocrx_word' id='word_1_51' title='bbox 561 971 611 1020; x_wconf 90' lang='lat' dir='ltr'>aut</span> <span class='ocrx_word' id='word_1_52' title='bbox 622 961 748 1029; x_wconf 85' lang='lat' dir='ltr'>urbibus,</span> <span class='ocrx_word' id='word_1_53' title='bbox 768 970 851 1019; x_wconf 83' lang='lat' dir='ltr'>errat.</span> 
     </span>
    </p>
   </div>
   <div class='ocr_carea' id='block_1_3' title="bbox 74 1059 917 1132">
    <p class='ocr_par' dir='ltr' id='par_1_4' title="bbox 74 1059 917 1132">
     <span class='ocr_line' id='line_1_9' title="bbox 74 1059 917 1132; baseline 0.001 -12"><span class='ocrx_word' id='word_1_54' title='bbox 74 1059 76 1066; x_wconf 73' lang='grc'>’</span> <span class='ocrx_word' id='word_1_55' title='bbox 180 1108 183 1114; x_wconf 86' lang='grc'>.</span> <span class='ocrx_word' id='word_1_56' title='bbox 220 1063 274 1120; x_wconf 89' lang='lat' dir='ltr'>His</span> <span class='ocrx_word' id='word_1_57' title='bbox 287 1061 415 1122; x_wconf 87' lang='lat' dir='ltr'>animum</span> <span class='ocrx_word' id='word_1_58' title='bbox 429 1063 534 1121; x_wconf 63' lang='lat' dir='ltr'>adrebii</span> <span class='ocrx_word' id='word_1_59' title='bbox 546 1063 638 1132; x_wconf 67' lang='lat' dir='ltr'>disiis,</span> <span class='ocrx_word' id='word_1_60' title='bbox 657 1071 687 1120; x_wconf 87' lang='lat' dir='ltr'>et</span> <span class='ocrx_word' id='word_1_61' title='bbox 696 1063 780 1122; x_wconf 25' lang='lat' dir='ltr'>&#39;fortis</span> <span class='ocrx_word' id='word_1_62' title='bbox 794 1064 917 1122; x_wconf 85' lang='lat' dir='ltr'>Achates</span> 
     </span>
    </p>
   </div>
   <div class='ocr_carea' id='block_1_4' title="bbox 108 1163 974 3188">
    <p class='ocr_par' dir='ltr' id='par_1_5' title="bbox 122 1163 893 1242">
     <span class='ocr_line' id='line_1_10' title="bbox 122 1163 893 1242; baseline 0.003 -20"><span class='ocrx_word' id='word_1_63' title='bbox 122 1183 123 1188; x_wconf 50' lang='lat'>¹</span> <span class='ocrx_word' id='word_1_64' title='bbox 181 1165 220 1222; x_wconf 90' lang='lat' dir='ltr'>Et</span> <span class='ocrx_word' id='word_1_65' title='bbox 231 1174 311 1242; x_wconf 77' lang='lat' dir='ltr'>pater</span> <span class='ocrx_word' id='word_1_66' title='bbox 323 1165 432 1222; x_wconf 84' lang='lat' dir='ltr'>AEueas</span> <span class='ocrx_word' id='word_1_67' title='bbox 441 1163 613 1241; x_wconf 87' lang='lat' dir='ltr'>jamdudum</span> <span class='ocrx_word' id='word_1_68' title='bbox 625 1184 773 1242; x_wconf 82' lang='lat' dir='ltr'>erumpere</span> <span class='ocrx_word' id='word_1_69' title='bbox 785 1169 893 1225; x_wconf 87' lang='lat' dir='ltr'>nubem</span> 
     </span>
    </p>

    <p class='ocr_par' dir='ltr' id='par_1_6' title="bbox 179 1267 889 1344">
     <span class='ocr_line' id='line_1_11' title="bbox 179 1267 889 1344; baseline -0.001 -19"><span class='ocrx_word' id='word_1_70' title='bbox 179 1268 337 1326; x_wconf 84' lang='lat' dir='ltr'>Ardebant.</span> <span class='ocrx_word' id='word_1_71' title='bbox 378 1267 457 1324; x_wconf 85' lang='lat' dir='ltr'>Ptior</span> <span class='ocrx_word' id='word_1_72' title='bbox 468 1267 738 1344; x_wconf 81' lang='lat' dir='ltr'>AEneanconpeliat</span> <span class='ocrx_word' id='word_1_73' title='bbox 749 1268 889 1326; x_wconf 84' lang='lat' dir='ltr'>Achates:</span> 
     </span>
    </p>

    <p class='ocr_par' dir='ltr' id='par_1_7' title="bbox 180 1369 893 1446">
     <span class='ocr_line' id='line_1_12' title="bbox 180 1369 893 1446; baseline 0 -20"><span class='ocrx_word' id='word_1_74' title='bbox 180 1369 259 1426; x_wconf 89' lang='lat' dir='ltr'>Nate</span> <span class='ocrx_word' id='word_1_75' title='bbox 272 1370 333 1438; x_wconf 75' lang='lat' dir='ltr'>dea,</span> <span class='ocrx_word' id='word_1_76' title='bbox 353 1389 417 1444; x_wconf 86' lang='lat' dir='ltr'>quae</span> <span class='ocrx_word' id='word_1_77' title='bbox 430 1388 506 1426; x_wconf 90' lang='lat' dir='ltr'>nunc</span> <span class='ocrx_word' id='word_1_78' title='bbox 525 1369 622 1427; x_wconf 89' lang='lat' dir='ltr'>auimo</span> <span class='ocrx_word' id='word_1_79' title='bbox 634 1369 774 1428; x_wconf 84' lang='lat' dir='ltr'>sententia</span> <span class='ocrx_word' id='word_1_80' title='bbox 787 1370 893 1446; x_wconf 79' lang='lat' dir='ltr'>surgit?</span> 
     </span>
    </p>

    <p class='ocr_par' dir='ltr' id='par_1_8' title="bbox 108 1471 925 1550">
     <span class='ocr_line' id='line_1_13' title="bbox 108 1471 925 1550; baseline 0.001 -20"><span class='ocrx_word' id='word_1_81' title='bbox 108 1511 110 1516; x_wconf 81' lang='lat'><em>·</em></span> <span class='ocrx_word' id='word_1_82' title='bbox 181 1471 288 1530; x_wconf 88' lang='lat' dir='ltr'>Omnia</span> <span class='ocrx_word' id='word_1_83' title='bbox 302 1482 364 1530; x_wconf 82' lang='lat' dir='ltr'>tuta</span> <span class='ocrx_word' id='word_1_84' title='bbox 376 1472 469 1543; x_wconf 81' lang='lat' dir='ltr'>vides3</span> <span class='ocrx_word' id='word_1_85' title='bbox 490 1471 612 1542; x_wconf 81' lang='lat' dir='ltr'>classem,</span> <span class='ocrx_word' id='word_1_86' title='bbox 632 1471 777 1546; x_wconf 87' lang='lat' dir='ltr'>sociosque</span> <span class='ocrx_word' id='word_1_87' title='bbox 789 1481 925 1550; x_wconf 84' lang='lat' dir='ltr'>receptos.</span> 
     </span>
    </p>

    <p class='ocr_par' dir='ltr' id='par_1_9' title="bbox 180 1573 940 1652">
     <span class='ocr_line' id='line_1_14' title="bbox 180 1573 940 1652; baseline 0 -20"><span class='ocrx_word' id='word_1_88' title='bbox 180 1574 265 1632; x_wconf 87' lang='lat' dir='ltr'>Unus</span> <span class='ocrx_word' id='word_1_89' title='bbox 277 1575 361 1644; x_wconf 85' lang='lat' dir='ltr'>abest,</span> <span class='ocrx_word' id='word_1_90' title='bbox 381 1574 478 1633; x_wconf 86' lang='lat' dir='ltr'>medio</span> <span class='ocrx_word' id='word_1_91' title='bbox 489 1574 521 1631; x_wconf 88' lang='lat' dir='ltr'>in</span> <span class='ocrx_word' id='word_1_92' title='bbox 535 1573 625 1631; x_wconf 61' lang='lat' dir='ltr'>fludu</span> <span class='ocrx_word' id='word_1_93' title='bbox 636 1593 723 1650; x_wconf 85' lang='lat' dir='ltr'>quem</span> <span class='ocrx_word' id='word_1_94' title='bbox 734 1573 858 1634; x_wconf 86' lang='lat' dir='ltr'>vidimus</span> <span class='ocrx_word' id='word_1_95' title='bbox 870 1575 922 1652; x_wconf 89' lang='lat' dir='ltr'>ipfi</span> <span class='ocrx_word' id='word_1_96' title='bbox 937 1583 940 1588; x_wconf 71' lang='lat'>‘</span> 
     </span>
    </p>

    <p class='ocr_par' dir='ltr' id='par_1_10' title="bbox 180 1661 894 1752">
     <span class='ocr_line' id='line_1_15' title="bbox 180 1661 894 1752; baseline -0.003 -16"><span class='ocrx_word' id='word_1_97' title='bbox 180 1677 379 1736; x_wconf 86' lang='lat' dir='ltr'>Submersum:</span> <span class='ocrx_word' id='word_1_98' title='bbox 402 1677 484 1734; x_wconf 72' lang='lat' dir='ltr'>diuis</span> <span class='ocrx_word' id='word_1_99' title='bbox 497 1676 668 1752; x_wconf 87' lang='lat' dir='ltr'>respondent</span> <span class='ocrx_word' id='word_1_100' title='bbox 681 1684 773 1732; x_wconf 89' lang='lat' dir='ltr'>cetera</span> <span class='ocrx_word' id='word_1_101' title='bbox 786 1661 894 1734; x_wconf 85' lang='lat' dir='ltr'>matris.</span> 
     </span>
    </p>

    <p class='ocr_par' dir='ltr' id='par_1_11' title="bbox 179 1777 879 1854">
     <span class='ocr_line' id='line_1_16' title="bbox 179 1777 879 1854; baseline -0.001 -17"><span class='ocrx_word' id='word_1_102' title='bbox 179 1779 240 1837; x_wconf 83' lang='lat' dir='ltr'>Vix</span> <span class='ocrx_word' id='word_1_103' title='bbox 252 1799 285 1837; x_wconf 88' lang='lat' dir='ltr'>ea</span> <span class='ocrx_word' id='word_1_104' title='bbox 299 1781 374 1837; x_wconf 82' lang='lat' dir='ltr'>fatus</span> <span class='ocrx_word' id='word_1_105' title='bbox 387 1788 455 1848; x_wconf 87' lang='lat' dir='ltr'>erat,</span> <span class='ocrx_word' id='word_1_106' title='bbox 475 1797 567 1854; x_wconf 90' lang='lat' dir='ltr'>quum</span> <span class='ocrx_word' id='word_1_107' title='bbox 579 1777 750 1835; x_wconf 87' lang='lat' dir='ltr'>circumfusa</span> <span class='ocrx_word' id='word_1_108' title='bbox 762 1788 879 1854; x_wconf 79' lang='lat' dir='ltr'>repente</span> 
     </span>
    </p>

    <p class='ocr_par' dir='ltr' id='par_1_12' title="bbox 180 1862 925 1957">
     <span class='ocr_line' id='line_1_17' title="bbox 180 1862 925 1957; baseline 0.001 -18"><span class='ocrx_word' id='word_1_109' title='bbox 180 1862 291 1939; x_wconf 65' lang='lat' dir='ltr'>suindit</span> <span class='ocrx_word' id='word_1_110' title='bbox 305 1880 333 1938; x_wconf 88' lang='lat' dir='ltr'>se</span> <span class='ocrx_word' id='word_1_111' title='bbox 346 1883 444 1950; x_wconf 88' lang='lat' dir='ltr'>nubes,</span> <span class='ocrx_word' id='word_1_112' title='bbox 464 1889 495 1936; x_wconf 87' lang='lat' dir='ltr'>et</span> <span class='ocrx_word' id='word_1_113' title='bbox 505 1875 537 1936; x_wconf 89' lang='lat' dir='ltr'>in</span> <span class='ocrx_word' id='word_1_114' title='bbox 550 1879 654 1937; x_wconf 74' lang='lat' dir='ltr'>aedrera</span> <span class='ocrx_word' id='word_1_115' title='bbox 667 1887 771 1956; x_wconf 78' lang='lat' dir='ltr'>purgat</span> <span class='ocrx_word' id='word_1_116' title='bbox 784 1889 925 1957; x_wconf 83' lang='lat' dir='ltr'>apertum.</span> 
     </span>
    </p>

    <p class='ocr_par' dir='ltr' id='par_1_13' title="bbox 181 1981 827 2056">
     <span class='ocr_line' id='line_1_18' title="bbox 181 1981 827 2056; baseline 0.002 -17"><span class='ocrx_word' id='word_1_117' title='bbox 181 1981 295 2040; x_wconf 83' lang='lat' dir='ltr'>Restitit</span> <span class='ocrx_word' id='word_1_118' title='bbox 306 1981 425 2049; x_wconf 83' lang='lat' dir='ltr'>AEneas,</span> <span class='ocrx_word' id='word_1_119' title='bbox 444 1981 575 2056; x_wconf 75' lang='lat' dir='ltr'>claraque</span> <span class='ocrx_word' id='word_1_120' title='bbox 587 1981 619 2038; x_wconf 90' lang='lat' dir='ltr'>in</span> <span class='ocrx_word' id='word_1_121' title='bbox 631 1981 695 2038; x_wconf 87' lang='lat' dir='ltr'>luce</span> <span class='ocrx_word' id='word_1_122' title='bbox 708 1981 827 2051; x_wconf 82' lang='lat' dir='ltr'>refulsit,</span> 
     </span>
    </p>

    <p class='ocr_par' dir='ltr' id='par_1_14' title="bbox 181 2069 974 2162">
     <span class='ocr_line' id='line_1_19' title="bbox 181 2069 974 2162; baseline 0.006 -21"><span class='ocrx_word' id='word_1_123' title='bbox 181 2083 223 2141; x_wconf 89' lang='lat' dir='ltr'>Os</span> <span class='ocrx_word' id='word_1_124' title='bbox 236 2083 424 2158; x_wconf 86' lang='lat' dir='ltr'>humerosque</span> <span class='ocrx_word' id='word_1_125' title='bbox 433 2083 488 2140; x_wconf 91' lang='lat' dir='ltr'>deo</span> <span class='ocrx_word' id='word_1_126' title='bbox 501 2082 612 2140; x_wconf 86' lang='lat' dir='ltr'>similis:</span> <span class='ocrx_word' id='word_1_127' title='bbox 635 2101 759 2158; x_wconf 84' lang='lat' dir='ltr'>namque</span> <span class='ocrx_word' id='word_1_128' title='bbox 771 2084 830 2162; x_wconf 88' lang='lat' dir='ltr'>ipsa</span> <span class='ocrx_word' id='word_1_129' title='bbox 843 2069 974 2146; x_wconf 82' lang='lat' dir='ltr'>decoram</span> 
     </span>
    </p>

    <p class='ocr_par' dir='ltr' id='par_1_15' title="bbox 181 2183 968 2263">
     <span class='ocr_line' id='line_1_20' title="bbox 181 2183 968 2263; baseline 0.005 -21"><span class='ocrx_word' id='word_1_130' title='bbox 181 2183 333 2243; x_wconf 85' lang='lat' dir='ltr'>Caesariem</span> <span class='ocrx_word' id='word_1_131' title='bbox 346 2195 413 2242; x_wconf 89' lang='lat' dir='ltr'>nato</span> <span class='ocrx_word' id='word_1_132' title='bbox 426 2184 566 2261; x_wconf 72' lang='lat' dir='ltr'>genetrix,</span> <span class='ocrx_word' id='word_1_133' title='bbox 586 2185 742 2260; x_wconf 83' lang='lat' dir='ltr'>lumenque</span> <span class='ocrx_word' id='word_1_134' title='bbox 750 2185 878 2263; x_wconf 83' lang='lat' dir='ltr'>juventae</span> <span class='ocrx_word' id='word_1_135' title='bbox 964 2199 968 2213; x_wconf 89' lang='grc'><strong><em>·</em></strong></span> 
     </span>
    </p>

    <p class='ocr_par' dir='ltr' id='par_1_16' title="bbox 179 2286 878 2364">
     <span class='ocr_line' id='line_1_21' title="bbox 179 2286 878 2364; baseline 0.003 -17"><span class='ocrx_word' id='word_1_136' title='bbox 179 2287 366 2364; x_wconf 78' lang='lat' dir='ltr'>Purpureum,</span> <span class='ocrx_word' id='word_1_137' title='bbox 386 2297 415 2344; x_wconf 90' lang='lat' dir='ltr'>et</span> <span class='ocrx_word' id='word_1_138' title='bbox 428 2287 506 2345; x_wconf 85' lang='lat' dir='ltr'>laetos</span> <span class='ocrx_word' id='word_1_139' title='bbox 518 2286 607 2346; x_wconf 84' lang='lat' dir='ltr'>oculis</span> <span class='ocrx_word' id='word_1_140' title='bbox 620 2287 737 2346; x_wconf 82' lang='lat' dir='ltr'>adflarat</span> <span class='ocrx_word' id='word_1_141' title='bbox 749 2288 878 2349; x_wconf 88' lang='lat' dir='ltr'>honores.</span> 
     </span>
    </p>

    <p class='ocr_par' dir='ltr' id='par_1_17' title="bbox 181 2389 935 2458">
     <span class='ocr_line' id='line_1_22' title="bbox 181 2389 935 2458; baseline 0.004 -8"><span class='ocrx_word' id='word_1_142' title='bbox 181 2390 277 2450; x_wconf 79' lang='lat' dir='ltr'>Quale</span> <span class='ocrx_word' id='word_1_143' title='bbox 290 2408 391 2448; x_wconf 83' lang='lat' dir='ltr'>manus</span> <span class='ocrx_word' id='word_1_144' title='bbox 404 2390 513 2447; x_wconf 86' lang='lat' dir='ltr'>addunt</span> <span class='ocrx_word' id='word_1_145' title='bbox 526 2389 605 2446; x_wconf 86' lang='lat' dir='ltr'>ebori</span> <span class='ocrx_word' id='word_1_146' title='bbox 622 2389 716 2458; x_wconf 89' lang='lat' dir='ltr'>decus,</span> <span class='ocrx_word' id='word_1_147' title='bbox 735 2401 785 2450; x_wconf 86' lang='lat' dir='ltr'>aut</span> <span class='ocrx_word' id='word_1_148' title='bbox 797 2393 848 2450; x_wconf 91' lang='lat' dir='ltr'>ubi</span> <span class='ocrx_word' id='word_1_149' title='bbox 860 2393 935 2454; x_wconf 78' lang='lat' dir='ltr'>flavo</span> 
     </span>
    </p>

    <p class='ocr_par' dir='ltr' id='par_1_18' title="bbox 180 2491 974 2673">
     <span class='ocr_line' id='line_1_23' title="bbox 180 2491 965 2570; baseline 0.004 -18"><span class='ocrx_word' id='word_1_150' title='bbox 180 2494 355 2570; x_wconf 81' lang='lat' dir='ltr'>Argentum,</span> <span class='ocrx_word' id='word_1_151' title='bbox 375 2491 505 2550; x_wconf 87' lang='lat' dir='ltr'>Pariusve</span> <span class='ocrx_word' id='word_1_152' title='bbox 518 2491 598 2567; x_wconf 81' lang='lat' dir='ltr'>lapis,</span> <span class='ocrx_word' id='word_1_153' title='bbox 618 2491 811 2552; x_wconf 84' lang='lat' dir='ltr'>circumdatur</span> <span class='ocrx_word' id='word_1_154' title='bbox 823 2515 901 2556; x_wconf 62' lang='lat' dir='ltr'>auroa</span> <span class='ocrx_word' id='word_1_155' title='bbox 960 2502 965 2508; x_wconf 83' lang='lat'>&#39;</span> 
     </span>
     <span class='ocr_line' id='line_1_24' title="bbox 217 2593 974 2673; baseline 0.003 -19"><span class='ocrx_word' id='word_1_156' title='bbox 217 2597 294 2656; x_wconf 86' lang='lat' dir='ltr'>Tum</span> <span class='ocrx_word' id='word_1_157' title='bbox 309 2595 345 2652; x_wconf 87' lang='lat' dir='ltr'>fic</span> <span class='ocrx_word' id='word_1_158' title='bbox 358 2593 487 2670; x_wconf 85' lang='lat' dir='ltr'>reginam</span> <span class='ocrx_word' id='word_1_159' title='bbox 499 2593 670 2668; x_wconf 86' lang='lat' dir='ltr'>adloquitur,</span> <span class='ocrx_word' id='word_1_160' title='bbox 681 2595 847 2671; x_wconf 74' lang='lat' dir='ltr'>cunfflsque</span> <span class='ocrx_word' id='word_1_161' title='bbox 857 2605 974 2673; x_wconf 84' lang='lat' dir='ltr'>repente</span> 
     </span>
    </p>

    <p class='ocr_par' dir='ltr' id='par_1_19' title="bbox 179 2696 922 2773">
     <span class='ocr_line' id='line_1_25' title="bbox 179 2696 922 2773; baseline 0.004 -19"><span class='ocrx_word' id='word_1_162' title='bbox 179 2697 341 2773; x_wconf 75' lang='lat' dir='ltr'>inprovisus</span> <span class='ocrx_word' id='word_1_163' title='bbox 354 2696 408 2754; x_wconf 87' lang='lat' dir='ltr'>ait:</span> <span class='ocrx_word' id='word_1_164' title='bbox 431 2697 546 2767; x_wconf 86' lang='lat' dir='ltr'>Coram,</span> <span class='ocrx_word' id='word_1_165' title='bbox 565 2696 801 2770; x_wconf 84' lang='lat' dir='ltr'>quemquaeritis,</span> <span class='ocrx_word' id='word_1_166' title='bbox 822 2697 922 2757; x_wconf 87' lang='lat' dir='ltr'>adsum</span> 
     </span>
    </p>

    <p class='ocr_par' dir='ltr' id='par_1_20' title="bbox 177 2796 918 2874">
     <span class='ocr_line' id='line_1_26' title="bbox 177 2796 918 2874; baseline 0.003 -19"><span class='ocrx_word' id='word_1_167' title='bbox 177 2799 284 2867; x_wconf 76' lang='lat' dir='ltr'>Troius</span> <span class='ocrx_word' id='word_1_168' title='bbox 297 2799 416 2866; x_wconf 88' lang='lat' dir='ltr'>AEneas,</span> <span class='ocrx_word' id='word_1_169' title='bbox 434 2796 550 2874; x_wconf 87' lang='lat' dir='ltr'>Libycis</span> <span class='ocrx_word' id='word_1_170' title='bbox 561 2807 674 2873; x_wconf 78' lang='lat' dir='ltr'>ereptus</span> <span class='ocrx_word' id='word_1_171' title='bbox 686 2800 723 2854; x_wconf 89' lang='lat' dir='ltr'>ab</span> <span class='ocrx_word' id='word_1_172' title='bbox 734 2799 828 2856; x_wconf 83' lang='lat' dir='ltr'>undis.</span> <span class='ocrx_word' id='word_1_173' title='bbox 909 2805 918 2820; x_wconf 86' lang='grc'><strong><em>’</em></strong></span> 
     </span>
    </p>

    <p class='ocr_par' dir='ltr' id='par_1_21' title="bbox 178 2898 803 2976">
     <span class='ocr_line' id='line_1_27' title="bbox 178 2898 803 2976; baseline 0 -18"><span class='ocrx_word' id='word_1_174' title='bbox 178 2899 208 2958; x_wconf 93' lang='grc' dir='ltr'>Ο</span> <span class='ocrx_word' id='word_1_175' title='bbox 222 2899 278 2957; x_wconf 86' lang='lat' dir='ltr'>sola</span> <span class='ocrx_word' id='word_1_176' title='bbox 291 2899 423 2958; x_wconf 86' lang='lat' dir='ltr'>infandos</span> <span class='ocrx_word' id='word_1_177' title='bbox 435 2898 529 2976; x_wconf 81' lang='lat' dir='ltr'>Trojae</span> <span class='ocrx_word' id='word_1_178' title='bbox 542 2899 672 2958; x_wconf 87' lang='lat' dir='ltr'>miserata</span> <span class='ocrx_word' id='word_1_179' title='bbox 686 2899 803 2970; x_wconf 89' lang='lat' dir='ltr'>labores,</span> 
     </span>
    </p>

    <p class='ocr_par' dir='ltr' id='par_1_22' title="bbox 179 2999 953 3084">
     <span class='ocr_line' id='line_1_28' title="bbox 179 2999 953 3084; baseline 0.009 -25"><span class='ocrx_word' id='word_1_180' title='bbox 179 3003 256 3059; x_wconf 77' lang='lat' dir='ltr'>Quae</span> <span class='ocrx_word' id='word_1_181' title='bbox 270 3019 332 3068; x_wconf 71' lang='lat' dir='ltr'>nor,v</span> <span class='ocrx_word' id='word_1_182' title='bbox 349 3001 481 3077; x_wconf 83' lang='lat' dir='ltr'>reliquias</span> <span class='ocrx_word' id='word_1_183' title='bbox 495 2999 639 3070; x_wconf 73' lang='lat' dir='ltr'>Danaum,</span> <span class='ocrx_word' id='word_1_184' title='bbox 660 3010 797 3077; x_wconf 79' lang='lat' dir='ltr'>terraeque</span> <span class='ocrx_word' id='word_1_185' title='bbox 811 3005 953 3084; x_wconf 86' lang='lat' dir='ltr'>marisque</span> 
     </span>
    </p>

    <p class='ocr_par' dir='ltr' id='par_1_23' title="bbox 177 3101 962 3188">
     <span class='ocr_line' id='line_1_29' title="bbox 177 3101 962 3188; baseline 0.003 -22"><span class='ocrx_word' id='word_1_186' title='bbox 177 3103 323 3166; x_wconf 76' lang='lat' dir='ltr'>Omnibus</span> <span class='ocrx_word' id='word_1_187' title='bbox 335 3105 483 3164; x_wconf 78' lang='lat' dir='ltr'>exhaustae</span> <span class='ocrx_word' id='word_1_188' title='bbox 491 3101 552 3180; x_wconf 88' lang='lat' dir='ltr'>jam</span> <span class='ocrx_word' id='word_1_189' title='bbox 566 3103 682 3174; x_wconf 72' lang='lat' dir='ltr'>casibus,</span> <span class='ocrx_word' id='word_1_190' title='bbox 701 3105 832 3166; x_wconf 90' lang='lat' dir='ltr'>omnium</span> <span class='ocrx_word' id='word_1_191' title='bbox 845 3127 962 3188; x_wconf 68' lang='lat' dir='ltr'>egenos,⁴</span> 
     </span>
    </p>
   </div>
   <div class='ocr_carea' id='block_1_5' title="bbox 0 0 1126 3576">
    <p class='ocr_par' dir='ltr' id='par_1_24' title="bbox 0 0 1126 3576">
     <span class='ocr_line' id='line_1_30' title="bbox 0 0 1126 3576; baseline 0 0"><span class='ocrx_word' id='word_1_192' title='bbox 0 0 1126 3576; x_wconf 95' lang='lat' dir='ltr'> </span> 
     </span>
    </p>
   </div>
  </div>
 </body>
</html>
