2236 3584
116 206 224 299 auor.
433 241 532 302 ΜΒ.
571 241 619 301 Ι.’
855 247 909 313 19³

116 395 245 456 Adcestis
258 394 401 474 scopulos:
422 419 472 457 vos
485 407 515 456 et
526 395 664 475 Cyclopia
677 393 744 454 saxa

115 496 245 573 Experti.
279 499 422 558 Revocaue
442 501 560 569 animos,
580 499 764 572 maestumque
777 494 911 558 timorem

115 597 245 657 Mittite:
268 601 362 659 forsan
375 611 405 660 et
417 602 478 660 haec
491 601 568 660 olim*
580 600 738 660 meminisse
746 597 869 676 juvabit.
940 623 946 638 ·-

8 733 9 738 1
115 701 168 758 Per
180 701 271 760 varios
284 702 371 774 casus,
392 724 447 782 per.
459 713 502 762 tot
514 702 676 762 discrimina
689 721 792 769 rerum,

114 802 274 862 Tendimus
286 806 317 862 in
332 807 448 864 Latium
454 831 463 879 3
484 805 562 864 sedes
574 804 626 862 ubi
638 804 698 862 fata
711 804 821 879 quietm
869 814 871 817 ’
902 825 905 838 ·

58 971 60 976 ¹
115 903 292 964 Ostendunt:
314 907 374 965 illic
387 909 430 966 sas
443 927 530 985 regna
542 905 687 982 resurgere
699 905 801 983 Trojae.
904 921 906 930 ’

114 1007 234 1080 Durate,
254 1019 284 1066 et
297 1023 405 1068 vosmet
418 1013 501 1070 rebus
514 1011 623 1070 servate
636 1009 774 1069 secundis.

154 1110 236 1168 Talia
248 1129 318 1170 voce
331 1114 417 1170 refert
421 1137 430 1186 3
451 1114 582 1190 curisque
595 1113 760 1190 ingentibus
773 1129 849 1187 aeger

114 1212 199 1288 Spem
209 1213 288 1270 voltu
301 1215 422 1284 fimulat,
434 1216 538 1292 premit
550 1217 643 1274 altum
655 1215 738 1274 corde
750 1213 887 1272 dolorem.

114 1313 163 1370 Illi
176 1313 205 1371 se
217 1317 321 1390 praedae
334 1317 500 1395 adtingunt,
521 1318 695 1394 dapibusque
707 1316 821 1374 suturis.
903 1343 906 1352 =

113 1415 240 1492 Tergora
253 1417 397 1495 deripiunt
410 1419 499 1490 costis,
519 1429 549 1477 et
561 1421 667 1478 viscera
679 1421 801 1479 nudant:

7 1595 8 1608 χ
114 1517 219 1576 Pamin
233 1519 320 1578 frusta
333 1519 438 1589 secant,
451 1523 619 1598 veribusque
632 1521 783 1583 trementia
795 1521 903 1597 figunt:

7 1609 8 1620 ¹
114 1619 212 1678 Litore
225 1623 295 1702 aina
308 1616 404 1680 locant
416 1624 475 1693 alii,
495 1623 680 1699 flammasque
697 1622 866 1682 ministrant.

7 1789 9 1812 ᾗ
113 1719 193 1780 'tum
206 1723 282 1782 victu
295 1736 429 1783 revocant
441 1725 528 1798 vires3
549 1725 660 1801 fusique
672 1743 723 1801 per
737 1725 854 1783 herbam

7 1833 9 1870 ἔ
113 1823 266 1900 Inplentur
277 1827 379 1884 veteris
393 1811 507 1896 Bacchi,
526 1828 698 1904 pinguisque
711 1827 818 1884 ferinae.
906 1887 908 1891 ,

113 1927 263 2003 Postquam
274 1941 387 1988 exemta
398 1931 487 1989 sames
497 1931 597 2006 epulis,
609 1929 770 2006 mensaeque
780 1939 905 1998 remotae,

112 2029 237 2088 Amissus
248 2032 335 2107 longo
348 2031 437 2089 socios
450 2031 577 2090 sermone
590 2032 738 2108 requirunt
742 2055 751 2102 3

113 2131 255 2210 Spemque
273 2144 440 2211 metumque
457 2135 533 2193 inter
551 2134 642 2204 dubii,
662 2135 712 2192 seu
729 2117 904 2193 vivere'cre-

189 2235 267 2304 dant,

112 2335 177 2394 Siue
189 2346 316 2396 extrema
330 2337 400 2416 pati,
420 2357 474 2396 neo
481 2337 543 2415 jam
553 2339 688 2398 exaudire
700 2348 822 2398 vocatos.

110 2438 255 2516 Praecipue
267 2441 332 2518 pius
344 2441 461 2510 Encas,
481 2459 559 2498 nunc
572 2441 643 2500 acris
656 2441 770 2510 Oronti,
845 2487 851 2498 ,

7 2521 8 2592 ]
110 2539 199 2598 Nunc
212 2543 320 2619 Amyci
333 2543 430 2601 casum
442 2542 541 2619 gemit,
560 2552 591 2601 et
602 2545 727 2602 crudelia
740 2544 836 2602 secum

109 2641 178 2701 Fata
185 2643 265 2720 Lyci,
276 2645 436 2721 fortemque
444 2646 537 2724 Gyan,
548 2646 710 2722 fortemque
718 2646 903 2704 Cloanthum.

148 2745 187 2802 Et
193 2743 253 2821 jam
261 2746 327 2804 finis
335 2757 395 2806 erat
400 2773 409 2820 3
425 2747 663 2826 quumJuppiter‚
677 2748 783 2806 aethere
793 2749 903 2807 summo

111 2844 278 2923 Despiciens
290 2868 368 2906 mare
381 2849 543 2919 velivolum,
563 2860 706 2925 terrasque
716 2848 844 2926 jacentis,
923 2839 929 2847 ¹

110 2946 275 3024 Litoraque,
295 2959 325 3008 et
338 2951 408 3009 latos
419 2952 547 3028 populos,
567 2951 605 3010 fic
618 2951 723 3012 vertice
735 2952 801 3011 coeli

109 3049 254 3120 Constitit,
274 3061 304 3109 et
316 3052 415 3130 Libyae
428 3053 530 3111 defixit
541 3053 651 3112 lumina
663 3054 767 3130 regnis.

108 3151 207 3230 Atque
218 3153 312 3226 illum,
334 3155 398 3213 talin
407 3153 562 3232 jactantem
575 3156 687 3232 pectore
700 3175 789 3227 curas,
893 3213 897 3220 ,

508 3277 527 3314 o
