2236 3584
177 175 233 238 190
441 167 482 226 AE
495 167 525 226 N
540 167 565 226 Ε
578 167 635 224 I·D
647 165 676 224 O
690 167 717 234 S,
857 172 967 232 v.‚122.

175 321 256 380 Vicit
268 321 371 382 hiems:
393 322 467 382 laxis
480 323 600 380 laterum
613 321 788 399 conpagibus
800 335 898 378 ornnes

174 423 335 502 Adcipiuut
347 425 500 484 inimicum
517 424 649 492 imbrem,
669 423 806 498 rimisque
820 422 967 485 satiscunt.

214 527 335 596 Interea,
354 546 459 604 magno
472 527 581 584 misceri
597 544 742 584 murmure
758 533 888 601 pontum,

174 628 366 704 Emissamque
379 629 505 689 hiemem
517 629 601 689 sensit
613 629 776 704 Neptunus,
795 636 825 717 et
838 625 904 684 imis

175 733 279 807 Stagna
292 731 384 790 refusa
397 731 485 799 vadis,
505 733 628 808 graviter
646 739 794 788 conmotus
800 753 808 800 3
831 739 869 798 et,
889 729 949 786 aito

101 839 103 842 ’
174 833 356 910 Prospiciens,
376 833 488 892 summi
504 833 649 910 placidum
666 843 753 910 caput
765 832 869 890 extulit
880 830 976 890 undu„

174 933 330 1012 Disjectaru
343 935 446 992 AEneae
460 944 520 992 toto
532 935 610 992 videt
622 953 735 1010 aequore
747 934 873 1006 classem3

175 1037 318 1096 Fluctibus
332 1037 471 1114 oppressos
483 1038 571 1096 Troas
584 1036 706 1113 coelique
719 1036 811 1094 ruiud.

175 1139 240 1196 Nec
253 1139 361 1196 latuere
375 1140 433 1198 doli
447 1139 563 1198 fratrem
576 1139 707 1216 Juuonis‚
728 1146 757 1196 et
769 1139 827 1196 irae„
925 1187 932 1196 ,

175 1241 284 1300 Eurum
305 1241 341 1298 ad
361 1241 389 1301 se
413 1242 634 1318 Zephyrumque
652 1251 748 1312 vocat,
776 1240 880 1298 debinc
901 1239 969 1298 talia

252 1343 341 1400 satur:
495 1411 498 1419 1

174 1447 306 1504 Tantane
320 1466 370 1508 vos
383 1446 493 1523 generis
506 1445 600 1504 tenuit
612 1444 717 1502 fiducia
730 1443 828 1504 vestri?

175 1549 242 1625 Jam
254 1549 359 1606 coelum
371 1557 530 1624 terramque
542 1568 607 1606 meo
620 1549 677 1605 fine
689 1547 818 1615 numine,
830 1525 929 1616 Venti,

119 1701 121 1706 .
176 1650 308 1722 Miscere,
329 1659 358 1708 et
372 1661 464 1710 tantas
477 1651 588 1709 audetis
602 1650 699 1708 tollere
712 1650 817 1708 moles?

178 1753 260 1810 Quos
273 1753 415 1828 ego-sed
428 1761 520 1812 motos
532 1753 644 1830 praestat
656 1771 815 1828 conponere
828 1752 943 1812 fluitur:

176 1856 238 1914 Post
252 1855 324 1914 mihi
338 1873 396 1936 non
409 1854 494 1914 simili
506 1855 589 1932 poend
602 1855 737 1912 conmissa
750 1854 843 1914 luetiu

176 1959 322 2018 Maturate
334 1959 445 2035 fugam,
466 1957 585 2035 regique
597 1959 658 2016 haec
670 1957 759 2016 dicite
771 1959 876 2016 vestro:

176 2061 246 2119 Non
259 2062 302 2124 illi
316 2061 471 2138 imperium
487 2061 591 2138 pelagi,
610 2059 774 2136 saevumque
787 2061 949 2128 tridentem,

178 2165 230 2220 Sed
244 2163 325 2230 mihi,
346 2165 418 2222 sorte
432 2164 541 2221 datum.
581 2164 674 2220 Tenet
693 2162 741 2219 ille
754 2162 880 2236 inmania¹
894 2162 969 2232 saxa,

162 2313 163 2318 ,
177 2266 296 2334 Vestras,
317 2266 401 2333 Eure,
421 2266 532 2322 domos:
554 2265 603 2322 illd
616 2265 645 2323 se
652 2265 740 2342 jactet
752 2266 782 2322 in
796 2265 860 2322 auli

146 2408 164 2445 Ι.
178 2367 291 2435 AEolus,
312 2377 340 2424 et
354 2368 449 2424 clauso
462 2377 610 2426 ventorum
624 2387 734 2426 carcere
748 2377 856 2444 regnet.

217 2470 263 2528 Sic
276 2469 330 2540 ait,
352 2478 390 2538 et,
409 2469 485 2528 dicto
498 2469 591 2538 citius,
612 2470 722 2528 tumida
736 2489 849 2546 aequora
861 2470 968 2547 placat:

179 2573 384 2648 Conlectasque
397 2572 480 2648 fugat
492 2575 589 2640 nubes,
610 2572 755 2648 solemque
767 2573 887 2630 reducit.

179 2674 349 2752 Cymothoe,
370 2674 452 2732 sunul
464 2685 494 2732 et
505 2675 607 2732 Triton
621 2669 750 2745 adnixus,
771 2688 856 2734 acuto
894 2733 896 2738 .

179 2779 346 2837 Detrudunt
359 2777 438 2836 navis
451 2777 580 2854 scopulo:
603 2779 680 2836 levat
692 2777 751 2854 ipse
762 2779 879 2836 tridenti
886 2803 895 2848 ;

179 2883 217 2940 Et
230 2881 317 2942 vastas
331 2881 419 2958 aperit
432 2881 529 2958 Syrtis,
549 2891 578 2938 et
592 2891 731 2957 temperat
744 2901 853 2956 aequor3
876 2911 897 2960 0

180 2984 279 3058 Atque
291 2983 360 3040 rotis
373 2983 495 3042 summas
507 2983 616 3042 levibus
627 2984 783 3059 perlabitur
795 2985 893 3042 undar.

90 3161 93 3166 .
180 3085 243 3154 Ac„
256 3086 345 3152 veluti
357 3105 462 3162 magno
475 3085 509 3160 iu
519 3086 625 3167 populo
636 3105 727 3162 quum
739 3085 811 3164 saepe
825 3096 920 3148 coorta
933 3088 973 3159 est,
