2236 3584
67 235 70 242 ⁴
169 245 224 298 102
402 240 730 312 GEORGICON,
855 245 963 300 udos.
1052 287 1055 296 .

194 394 277 454 ¹Haec
290 403 358 454 ante
371 395 495 458 exitium
507 399 607 476 primis
621 400 691 479 dont
703 398 782 474 signa
795 395 910 454 diebus:
957 393 960 396 ’

165 497 214 556 Sin
228 497 259 555 in
272 499 400 575 proceffu
413 481 501 578 erepit
514 500 678 560 crudescere
691 500 807 558 morbus
814 521 823 568 3

165 601 258 675 (Tum
270 621 337 660 vero
350 603 480 661 ardentes
493 603 579 674 oculi,
600 611 687 678 utque
704 600 846 659 adtractus
859 601 895 656 ab
908 598 966 656 alto

165 701 286 778 Spiritus
298 703 454 776 interdum,
476 705 587 781 gemitu
601 703 694 780 gravis
699 729 708 775 3
730 703 845 778 imaque
858 703 947 778 longo

163 803 219 860 Ilia
231 805 360 881 singultu
374 808 496 863 tendunt
501 831 510 877 ;
532 806 558 864 it
571 806 686 864 naribus
700 813 761 862 ater

163 905 293 982 Sanguis,
313 915 342 964 et
356 906 474 966 obselsas
486 909 583 966 fauces
594 907 701 984 premit
719 907 815 984 aspera
828 905 944 982 lingua)

164 1007 276 1064 Profuit
288 1007 396 1072 inserto
409 1009 507 1067 latices
520 1009 673 1068 infundere
686 1024 775 1066 cornu

164 1111 296 1183 Ienaeos3
318 1131 351 1170 ea
364 1111 424 1170 visa
436 1112 509 1170 salus
523 1112 712 1170 morientibus
724 1129 792 1169 una.

163 1213 238 1272 Mox
250 1223 312 1272 erat
324 1214 379 1271 hoc
391 1213 485 1291 ipsum
497 1215 597 1286 exitio,
617 1213 756 1289 furiisque
769 1211 869 1270 refedti

165 1313 330 1386 Ardebant,
350 1316 460 1392 ipsique
473 1315 545 1384 suos,
561 1315 623 1392 jorn
636 1323 728 1373 morte
740 1314 793 1372 sub
806 1313 892 1390 aegri,
954 1331 957 1338 ’

168 1415 223 1489 (Di
237 1415 355 1474 meliora
368 1416 432 1493 piis,
452 1435 634 1493 erroremque
649 1416 775 1474 hostibus
787 1414 901 1488 fflumt)

83 1569 85 1576 .
164 1517 299 1577 Disciffos
312 1517 396 1578 nudis
409 1519 557 1576 laniabant
573 1519 707 1577 dentibus
720 1526 807 1576 artru.

203 1621 278 1677 Ecce
288 1627 397 1689 autem,
417 1620 489 1678 duro
501 1621 615 1678 sumans
628 1621 681 1678 sub
693 1639 817 1688 vomere,
837 1626 935 1678 taurus

165 1723 310 1792 Concidit,
330 1732 361 1780 et
373 1723 500 1782 mixtum
513 1725 618 1801 spumis
629 1723 721 1782 vomit
734 1743 783 1781 ore
795 1741 934 1793 cruorem,

164 1825 370 1901 Extremosque
382 1825 439 1884 ciet
451 1824 585 1902 gemitus.
625 1826 655 1882 It
668 1824 754 1884 tristis
767 1834 869 1893 arator,

163 1925 509 2004 Maerentem'abjungens
522 1927 648 1986 fratemd
660 1935 753 1984 morte
761 1925 932 2003 juvencum5
969 1933 973 1940 '

162 2031 262 2104 Atque
275 2048 360 2105 opere
373 2028 405 2086 in
417 2029 513 2086 medio
526 2029 620 2087 defixa
633 2028 770 2104 relinquit
783 2037 886 2086 aratra

164 2130 235 2198 Non
246 2133 355 2188 umbrae
365 2132 488 2188 altorum
499 2149 658 2198 nemorum,
672 2147 731 2187 non
742 2129 841 2188 mollia
851 2128 965 2206 poll'unt

163 2233 247 2290 Prata
260 2251 375 2289 movere
387 2231 532 2303 animum;
554 2251 623 2301 non,
637 2231 687 2307 qui
698 2251 749 2308 per
761 2223 964 2300 saxa'volutus,

164 2335 264 2392 Purior
276 2334 390 2402 eleolro,
410 2351 545 2410 campum
557 2333 631 2410 petit
644 2333 751 2391 amnis:
773 2343 803 2392 at
815 2333 874 2391 irna

164 2435 319 2496 Solvuntur
326 2435 423 2505 latera,
435 2444 521 2511 atque
528 2435 625 2494 oculos
636 2435 730 2513 stupor
739 2445 844 2512 urguet
853 2435 963 2506 inertis,

162 2538 213 2596 Ad
227 2546 387 2613 terramque
399 2536 466 2594 duit
479 2538 588 2596 devexo
600 2539 727 2614 pondere
739 2539 846 2596 cervix.
925 2521 926 2528 ἵ
993 2535 995 2540 ’

163 2639 246 2706 Ouid
265 2639 355 2707 labo‘r,
374 2647 425 2696 aut
442 2639 593 2699 benefida
610 2639 730 2717 juvant?
758 2641 829 2717 quid
850 2657 964 2702 vomere

242 2752 332 2803 terras
706 2737 715 2754 '

161 2845 310 2904 Invertilse
324 2843 431 2921 gravis?
453 2845 534 2921 atqui
546 2865 604 2904 non
618 2845 735 2904 Mnffica
748 2847 856 2904 Bacchi

163 2949 298 3016 Munera,
319 2965 377 3004 non
390 2945 447 3004 illis
460 2947 553 3022 epulae
566 2965 688 3006 nocuere
701 2951 831 3024 repostae3

162 3047 330 3117 Frondibus,
350 3057 381 3106 et
391 3047 470 3107 sidu
483 3048 638 3125 pascuntur
650 3050 785 3125 simplicis
797 3051 908 3132 herbae}

163 3149 267 3207 Pocula
281 3147 347 3206 sunt
360 3150 454 3208 sontes
467 3150 581 3225 liquidi,
602 3159 690 3228 utque
702 3152 828 3212 exercita
841 3153 926 3214 cursu
