2194 3584
218 249 258 298 20
456 241 760 310 suconrcn,
923 247 1013 311 ωε.

219 393 351 450 Saltantis
365 394 476 471 Satyros
489 395 650 454 imitabitur
663 395 871 472 Alphefiboeus.

219 495 293 552 Haec
307 495 360 553 tibi
375 496 484 571 semper
497 507 590 576 erunt,
611 506 640 554 et
653 515 745 574 quum
757 495 904 554 sollemnia
916 504 982 552 vota

218 597 380 654 Reddemus
394 597 549 673 Nymphis,
569 608 599 655 et
611 618 701 674 quum
714 597 894 655 lustrabimus
907 615 1001 672 agros.

218 698 299 754 Dum
307 695 377 774 juga
389 698 495 756 montis
508 715 583 776 aper,
604 700 706 757 fluvios
719 701 789 757 dum
801 697 884 775 piscis
898 698 1017 766 amabit,

170 801 173 808 ‘
217 799 355 880 Dumque
369 799 468 876 thymo
480 800 630 876 pascentur
641 820 715 877 apes,
737 802 808 858 dum
820 819 883 857 rore
896 800 1001 856 cicadae
1007 823 1017 869 ;
1080 809 1081 816 ’

220 901 336 977 Semper
355 901 454 972 honos,
481 921 642 976 nomenque
665 912 757 971 tuum,
782 902 1018 976 laudesquema-

296 1004 415 1060 nebunt.

218 1105 263 1163 Ut
275 1103 385 1162 Baccho
398 1105 561 1182 Cererique,
581 1106 635 1163 tibi
649 1107 686 1163 fic
698 1114 764 1164 vota
776 1105 939 1182 quotannis
1048 1121 1050 1124 ·
1080 1103 1081 1116 ’

219 1206 363 1282 Agricolae
376 1206 496 1278 sacient3
518 1208 666 1265 damnabis
680 1216 713 1264 tu
726 1227 838 1283 quoque
848 1207 933 1265 votis.
954 1281 957 1288 ‚

557 1327 685 1366 moesus.

222 1410 298 1468 Quae
312 1408 375 1478 tibi,
396 1429 459 1485 quae
473 1409 524 1467 tali
536 1411 654 1466 reddam
664 1429 717 1486 pro
727 1410 852 1468 carmine
865 1411 953 1468 dona!

220 1513 300 1570 Nam
313 1531 406 1588 neque
419 1530 466 1569 me
479 1519 593 1569 tantum
605 1511 746 1570 venientis
759 1511 962 1579 fibilus'austn',
1023 1547 1026 1554 ·
1080 1517 1081 1588 l

219 1615 284 1672 Nec
297 1613 422 1690 perculsa
430 1612 532 1689 juvant
544 1613 634 1670 flustu
648 1621 706 1669 tarn
719 1612 811 1680 litora,
826 1631 878 1669 nec
892 1631 956 1688 quae
1080 1593 1081 1620 ³

221 1716 336 1774 Saxosas
346 1716 421 1774 inter
433 1716 589 1772 decurrunt
601 1714 721 1771 flumina
734 1713 830 1771 valles.
1080 1719 1081 1768 l

240 1805 242 1810 ¹
531 1835 703 1875 naunncas.
1080 1805 1081 1816 ¹

220 1921 285 1978 Hac
299 1928 327 1977 te
340 1939 391 1978 nos
404 1919 501 1996 fragili
514 1918 683 1976 donabimus
696 1925 763 1975 ante
776 1917 887 1977 cicutae
1080 1995 1081 2006 ἵ

221 2023 293 2080 Haec
307 2041 366 2090 uos,
387 2020 553 2078 Formosum
564 2021 698 2095 Corydon
712 2021 828 2077 ardebat
840 2021 963 2078 Alexin:
1006 2051 1011 2060 ·

220 2124 292 2180 Haec
306 2123 404 2180 eadem
418 2121 523 2191 docuit,
545 2119 650 2196 Cujum
662 2124 764 2196 pecus?
786 2141 822 2178 an
836 2123 987 2182 Meliboei?

558 2240 683 2279 Morsus.
1080 2221 1081 2228 '

221 2326 264 2382 At
278 2332 311 2380 tu
322 2323 401 2380 sume
413 2323 528 2398 pedum,
542 2323 626 2399 quod,
642 2341 689 2380 me
703 2343 793 2398 quum
805 2323 878 2400 saepe
891 2313 1018 2402 rogaret,
1080 2339 1081 2342 ’

221 2426 291 2482 Non
306 2423 374 2480 tulit
386 2423 554 2498 Antigenes,
574 2439 603 2480 et
615 2432 675 2480 erat
688 2431 751 2482 tum
764 2425 867 2502 dignus
881 2429 983 2500 amari,
1080 2467 1081 2502 q

222 2528 386 2590 Formosum
397 2525 511 2602 paribus
524 2524 605 2582 nodis
617 2533 703 2600 atque
716 2544 780 2597 aere,
800 2527 941 2586 Menalca.
