2194 3584
199 251 237 303 38
423 243 725 311 BUCOLICA,
902 248 991 298 ml.

15 423 16 436 ¹
128 461 129 466 χ
199 401 277 458 Serta
290 401 364 458 mihi
379 402 483 478 Phyllis
495 403 611 478 legeret,
631 407 758 458 cantaret
770 397 921 473 Amyntas.

199 504 258 561 Hic
272 504 359 581 gelidi
373 505 478 577 fontes,
499 505 547 562 hic
560 503 656 561 mollia
670 511 759 579 prata,
774 502 889 579 Lycori;
933 493 936 502 ’
965 495 966 500 '

199 608 258 665 Hic
272 621 390 665 nemust'
407 608 454 665 hic
467 608 526 684 ipso
540 618 636 665 tecum
649 607 828 666 consumerer
841 625 913 664 aevo.

198 710 230 768 N
232 729 288 767 unc
301 710 415 767 insanus
428 729 507 767 amor
519 711 583 766 duri
600 719 628 766 te
642 709 745 766 Martis
763 709 794 765 in
807 709 901 777 armis,

68 873 72 880 ,
157 847 161 856 ι
198 811 270 868 Tela
284 811 475 880 intermedia,
495 821 580 886 atque
593 810 721 868 adversos
737 810 846 867 detinet
859 808 952 868 hostis.

198 913 246 970 Tu
258 914 357 988 procul
370 933 386 971 a
400 914 491 990 patrii
510 915 576 988 (nec
589 913 623 968 srt
635 911 708 969 mihi
721 913 833 970 credere
846 921 959 970 tantum
969 911 991 985 l)

198 1014 327 1092 Alpinas,
348 1016 385 1073 ah
397 1017 480 1072 dura!
503 1015 591 1082 nives,
611 1023 640 1072 et
653 1014 759 1090 frigora
772 1014 876 1084 Rheni,

198 1116 251 1174 Me
264 1117 322 1174 srne
335 1117 391 1174 sola
405 1118 491 1175 vides.
531 1117 581 1174 Ah
595 1126 623 1173 te
637 1135 673 1174 ne
687 1117 791 1193 frigora
803 1116 923 1174 laedantl

199 1218 248 1274 Ah
263 1218 316 1275 tibi
330 1237 366 1276 ne
381 1228 489 1276 teneras
503 1219 608 1294 glacies
620 1218 695 1276 secet
708 1217 802 1295 aspera
815 1199 941 1294 plantas!

199 1320 261 1388 Ibo,
276 1331 314 1388 et,
328 1321 493 1379 Chalcidico
506 1337 570 1396 quae
584 1320 648 1378 sunt
661 1321 734 1379 mihi
747 1321 860 1378 condita
872 1319 954 1377 versu

198 1421 344 1492 Carmina,
364 1424 479 1500 pastoris
492 1423 579 1480 Siculi
592 1423 758 1480 modulabor
770 1423 868 1480 avena,

199 1525 319 1582 Certum
332 1525 414 1582 estin
428 1525 511 1593 salvis,
531 1526 607 1582 inter
619 1525 718 1600 spelaea
731 1525 865 1592 ferarum,

200 1627 291 1685 Malle
303 1628 380 1704 pati,
403 1627 562 1703 tenerisque
576 1645 653 1684 meos
663 1627 790 1685 incidere
803 1646 910 1685 amores

199 1729 372 1807 Arboribus:
395 1729 519 1799 crescent
531 1730 602 1802 illae,
624 1729 763 1798 crescetis,
783 1747 900 1786 amores.

200 1832 312 1889 Interea
325 1831 423 1889 mixtis
436 1832 557 1889 lustrabo
571 1833 695 1892 Maenala
709 1831 863 1907 Nymphis,

200 1936 263 1992 Aut
275 1953 351 1993 acres
365 1938 488 1993 venabor
501 1955 594 2012 apros:
617 1953 674 1992 non
689 1953 735 1992 me
747 1935 805 1991 ulla
817 1936 953 1992 vetabunt

200 2037 316 2113 Frigora
330 2037 492 2095 Parthenius
505 2037 623 2094 canibus
637 2037 812 2094 circumdare
825 2035 920 2094 saltus.

200 2142 266 2218 Jam
279 2141 351 2198 mihi
364 2160 415 2217 per
427 2160 509 2216 rupes
522 2141 619 2198 videor
631 2141 765 2216 lucosque
778 2138 903 2198 sonantia

200 2243 260 2314 Ire,
282 2243 352 2301 libet
366 2243 468 2300 Partho
482 2253 611 2317 torquere
623 2241 754 2317 Cydonia
768 2259 857 2299 cornu

200 2345 325 2422 Spicula:
342 2353 488 2421 tamquam
499 2344 559 2401 haec
570 2345 625 2400 srnt
635 2344 721 2401 nostri
732 2345 873 2402 medicina
882 2344 992 2415 suroris,

201 2449 263 2514 Aut
276 2449 344 2505 deus
357 2447 406 2504 ille
419 2447 500 2504 malis
513 2447 663 2504 hominum
675 2446 821 2504 mitescere
835 2446 931 2505 discat.

200 2551 265 2627 Jam
274 2567 365 2626 neque
370 2549 582 2625 Hamadryades
590 2548 708 2619 rursum,
719 2567 771 2606 nec
779 2549 903 2607 carmina
913 2549 993 2607 nobis

200 2651 273 2729 ipsa,
286 2653 413 2729 placent,
433 2651 501 2728 ipsae
514 2652 632 2720 rursum,
646 2651 802 2720 concedite,
822 2651 904 2708 filvae.

201 2755 269 2813 Non
282 2755 362 2813 illurn
378 2755 463 2812 nostri
476 2753 589 2837 possunt
602 2764 712 2812 mutare
724 2755 847 2825 labores,

200 2858 274 2924 Nec,
288 2858 308 2914 ss
321 2857 474 2933 frigoribus
487 2855 588 2915 mediis
601 2857 788 2931 Hebrumque
800 2856 941 2924 bibamus,

201 2959 399 3036 Sithoniasque
412 2959 493 3017 nives
507 2958 609 3026 hiemis
623 2957 770 3016 subeamus
783 2958 908 3032 aquosae:

201 3061 266 3118 Nec
279 3063 308 3132 ss,
325 3080 414 3137 quum
427 3061 550 3118 moriens
563 3061 620 3117 alta
632 3059 705 3116 liber
717 3043 819 3116 aretin
832 3061 921 3128 ulmo,

202 3162 374 3239 AEthiopum
386 3162 528 3221 versemus
540 3160 600 3222 ovis
613 3161 664 3219 sub
678 3161 764 3220 sidere
777 3161 890 3220 Cancri.
