2208 3574
179 197 240 272 ‘570
438 189 715 269 AENEIDOS,
863 189 976 256 v'looc.

103 353 106 358 ’
182 354 237 412 Pro
250 373 315 430 quo,
335 346 568 442 fisceleriitanta
581 353 620 410 est
633 345 735 430 injuria
748 347 843 424 nostri,
891 349 927 357 ”
963 347 969 356 ’

184 457 313 534 Spargite
326 475 372 514 me
384 457 415 514 in
428 457 539 528 fluitur,
559 457 692 532 vastoque
704 451 856 532 inmergite
868 461 975 532 ponto':

185 561 213 618 Si
226 579 320 638 pereo,
340 560 491 617 hominum
504 558 635 618 manibus
647 558 758 634 periisse
765 557 888 635 juvabit.

183 663 318 722 Dixerat:
339 671 378 732 et,
390 679 482 738 genua
494 661 641 737 amplexus
652 661 827 736 genibusque
834 662 978 730 volutans,

184 768 328 825 Haerebat.
370 765 432 823 uui
445 765 487 832 stt,
507 764 571 834 fari,
591 783 648 839 quo
661 764 797 840 sangiune
809 774 911 832 cretus,

180 869 357 940 Hortamur3
377 885 442 944 quae
454 866 557 924 deinde
568 865 658 942 agitet
671 867 804 935 Fortuna,
824 867 917 924 fateri.

183 971 248 1050 lpse
260 981 341 1050 pater
352 972 482 1028 dextram
493 969 641 1036 Anchiseo,
651 969 728 1026 haud
740 970 975 1037 multa-moratus,

185 1075 245 1134 Dat
253 1073 370 1152 juveni3
390 1083 478 1148 atque
494 1071 624 1130 animum
643 1070 775 1148 praesenti
792 1071 911 1148 pignore
924 1071 974 1128 fir-

84 1253 86 1256 ·
180 1199 183 1206 ·
259 1187 329 1235 mat.

184 1281 238 1338 Ille
251 1278 333 1348 haec,
342 1277 466 1354 deporta
479 1279 595 1336 tandem
607 1277 769 1345 formidine,
788 1278 882 1336 fatur:

224 1384 292 1440 Sum
304 1381 395 1458 patrii
409 1401 445 1438 ex
458 1379 565 1449 Ithaci,
585 1399 678 1438 comes
692 1380 817 1437 infelicis
829 1380 921 1449 Ulixi,

184 1485 300 1542 Nomen
313 1483 536 1554 Achemenides3
552 1482 667 1559 'I'rojam
680 1483 809 1560 genitore
821 1483 974 1541 Adamasto

183 1589 309 1664 Paupere
328 1586 539 1664 (mansissetque
556 1586 669 1644 utinam
689 1586 844 1660 Fortunat)
863 1585 975 1662 profec-

73 1717 92 1774 s
197 1712 224 1736 ·-
260 1697 315 1748 tus.

183 1792 243 1851 Hic
256 1812 311 1862 me,
331 1795 402 1852 dum
413 1792 517 1869 trepidi
529 1792 654 1851 crudelia
666 1791 767 1850 limina
779 1791 924 1868 linquunt,

183 1895 357 1954 Inmemores
369 1895 439 1954 socii
451 1896 527 1954 valio
539 1895 674 1972 Cyclopis
685 1896 716 1953 in
731 1905 812 1954 antro

180 1998 348 2056 Deseruere.
388 2000 499 2058 Domus
510 1998 587 2056 sanie
600 1999 777 2074 dapibusque
789 1998 924 2068 cruentis,

182 2101 264 2159 Intus
275 2119 371 2178 opaca,
384 2101 498 2177 ingens:
520 2101 579 2177 ipse
591 2102 704 2170 arduus,
724 2102 837 2178 altaque
849 2100 944 2178 pulsat

184 2203 289 2272 Sidera,
311 2204 373 2280 (Di,
392 2205 478 2261 talem
490 2204 570 2261 terris
582 2204 702 2262 avertite
713 2204 848 2280 pesteml)
962 2210 964 2214 ’

182 2305 247 2363 Nec'
261 2305 321 2363 visu
335 2306 436 2374 facilis,
456 2325 509 2364 noc
521 2301 601 2364 diciu
613 2306 744 2365 adfabilis
756 2307 823 2364 ulli:

181 2407 344 2466 Visceribus
356 2407 530 2478 miserorum,
550 2409 580 2466 et
593 2409 731 2487 sauguine
741 2409 863 2468 vescitur
875 2417 945 2468 atro.

181 2507 250 2570 Vidi
264 2521 387 2588 egomet,
400 2513 457 2568 duo
467 2512 503 2569 de
512 2531 632 2570 numero
641 2531 731 2588 quum
745 2531 860 2589 corpora
871 2513 973 2582 nostro,

173 2613 283 2674 *Ptousa
296 2633 383 2672 manu
394 2609 509 2690 magni,
527 2614 623 2672 medio
638 2614 786 2690 resupinus
797 2615 933 2685 in'antro,
952 2631 963 2660 ··

181 2717 335 2796 Frangeret
349 2717 385 2774 ad
397 2718 507 2787 saxum,
526 2717 660 2792 sanieque
671 2717 799 2794 exspersa
812 2725 942 2776 natarent

180 2819 309 2878 Limina:
330 2819 391 2876 vidi
403 2829 464 2877 atro
473 2817 567 2896 ¹quum
579 2821 707 2878 membra
720 2819 840 2878 fluentia¹
852 2821 918 2878 tabo
957 2857 960 2862 ·

179 2921 340 2988 Mandem't,
360 2931 390 2978 et
403 2921 493 2998 tepidi
505 2931 660 2980 tremerent
676 2922 729 2979 sub
741 2922 873 2980 dentibus
885 2921 970 2981 artus'.

180 3023 388 3098 Haud‘inpune
400 3023 530 3100 quidem;
552 3043 605 3082 nec
619 3024 686 3082 talia
699 3024 790 3100 pallus
803 3025 914 3095 Ulixes,
953 3041 959 3050 ·

180 3123 331 3182 Obliturve
343 3126 387 3184 sui
399 3126 438 3184 est
451 3127 565 3186 Ithacus
578 3125 740 3186 discrimine
754 3136 843 3186 tauto.
870 3129 872 3135 '
902 3123 910 3152 ‘³
957 3165 960 3170 -
