2194 3584
111 207 202 274 aaa
375 200 601 262 ncnoen
639 202 691 259 nr.
868 208 906 262 as

451 375 565 416 mre.

109 459 146 516 Id
160 459 280 534 quidem
297 479 369 538 agoJ
396 471 426 519 et
442 463 554 532 tacitus,
574 461 691 539 Lycida,
710 477 825 518 mecum
844 457 905 534 ipse

192 561 300 634 rotato,
431 577 434 584 ¹
789 579 792 586 ’

110 661 142 721 Si
156 664 267 722 ualeam
279 667 453 724 memiuiffe:
476 687 569 744 neque
589 668 629 726 est
640 666 769 744 ignobile
782 681 905 723 carmen.

109 765 181 824 Huc
191 767 266 834 ades,
277 767 308 824 o!
323 769 455 826 Galatea:
470 771 534 845 quis
546 771 586 827 est
596 789 663 828 nam
673 769 756 826 ludus
763 769 795 823 in
805 767 905 824 undis?

109 867 172 924 Hic
186 887 235 924 ver
247 888 436 946 purpureum3
458 873 549 930 varios
562 872 610 929 hic
623 871 746 928 flumina
758 870 869 926 circum

108 969 220 1026 Fundit
232 971 342 1044 humus
347 973 430 1030 flores
434 999 443 1044 ;
465 973 513 1030 hic
526 974 646 1030 candida
658 972 781 1048 populus
793 977 876 1028 antro

111 1073 251 1141 Inminet,
271 1083 301 1130 et
313 1075 400 1130 lenter
412 1084 516 1134 texunt
528 1073 694 1132 umbracula
706 1073 791 1131 vites.

110 1175 182 1230 Huc
195 1175 276 1232 ades:
298 1175 391 1234 insani
403 1177 510 1234 feriant
523 1177 581 1234 fine
594 1177 678 1233 litora
691 1175 803 1232 fluctus.

320 1355 323 1360 Δ
435 1292 584 1339 cremas.

115 1378 208 1448 Quid,
228 1399 293 1454 quae
306 1388 334 1436 te
346 1380 417 1456 puni
431 1380 523 1438 solum
537 1379 588 1438 sub
602 1380 685 1437 nocie
698 1387 850 1438 canentem

112 1481 290 1538 Audieram?
312 1501 445 1540 numeros
457 1483 586 1552 memini,
606 1482 628 1538 s1
640 1484 725 1540 verba
739 1490 875 1544 tenerem.

204 1593 206 1597 ’
454 1605 569 1642 noeurs.

113 1686 243 1762 Daphni,
263 1688 334 1762 quid
346 1687 477 1762 antiquos
491 1688 636 1762 fignorum
647 1686 762 1764 suspicis
774 1689 870 1744 ortus?

113 1788 202 1845 Eccei
224 1789 338 1846 Dionaei
351 1789 480 1864 proceffit
493 1788 612 1846 Caesaris
625 1789 742 1846 astrum:

114 1890 241 1960 Astrum,
262 1909 319 1965 quo
333 1889 440 1966 segetes
454 1890 610 1965 gauderent
622 1890 752 1966 frugibus
760 1915 770 1961 5
791 1899 821 1947 et
834 1909 892 1965 quo

114 1992 242 2050 Duceret
255 1993 358 2067 apricis
371 1992 402 2048 in
417 1991 536 2048 collibus
549 2011 605 2048 uva
618 1992 754 2054 colorem.

114 2093 221 2162 Insere,
236 2092 363 2168 Daphni,
377 2093 466 2168 piros:
490 2103 607 2168 carpent
620 2101 669 2150 tua
682 2111 767 2168 poma
781 2102 906 2169 nepotes.

113 2195 224 2252 Omnia
249 2195 307 2252 fert
332 2203 409 2263 aetas,
435 2195 565 2252 animum
591 2213 713 2272 quoque.
754 2197 833 2273 Saepe
855 2213 911 2273 ego

194 2298 296 2372 longos

114 2399 269 2456 Cantando
281 2417 403 2474 puermn
418 2399 540 2456 memini
552 2419 600 2457 me
612 2401 733 2458 condere
746 2399 832 2458 soles:

113 2502 205 2557 Nunc
218 2501 307 2558 oblita
318 2501 393 2558 mihi
405 2510 448 2557 tot
457 2501 597 2558 carmina:
612 2521 669 2558 vox
681 2515 795 2577 quoque
803 2500 911 2575 Moerin

113 2603 184 2678 Jam
196 2603 274 2678 fugit
286 2601 363 2677 ipsa:
386 2601 447 2678 lupi
457 2601 566 2660 Moerin
579 2603 675 2660 videre
688 2604 803 2678 priores.

115 2707 172 2762 Sed
186 2713 282 2762 tamen
295 2705 346 2762 itia
359 2704 425 2762 satis
438 2707 544 2764 referet
555 2705 609 2762 tibi
623 2705 695 2782 saepe
708 2704 864 2763 Menalcas.

442 2827 584 2864 eremas.

115 2909 278 2968 Cauffando
291 2910 396 2968 nostros
407 2909 439 2966 in
452 2909 571 2984 longum
581 2909 661 2966 ducis
674 2923 796 2966 amores:

116 3011 157 3068 Et
170 3029 247 3067 nunc
259 3029 345 3068 omne
359 3010 412 3066 tibi
425 3011 542 3068 stratum
555 3011 617 3067 srlet
629 3029 738 3085 aequor;
760 3018 791 3066 et
803 3028 912 3082 omnes,

118 3110 257 3189 Adspice!
279 3112 388 3172 ventofi
400 3111 565 3198 ceciderunt
578 3113 729 3172 murmuris
742 3129 826 3172 aurae.

1056 2922 1066 3116 i
