2236 3584
170 241 227 300 rsa
379 223 382 228 '
488 221 646 310 muts.
859 241 965 304 neon

167 389 250 446 Tene
263 406 326 464 ego,
347 395 407 450 tam
419 388 506 466 longe
519 397 602 466 capta
615 399 701 464 atque
714 387 819 454 aventer,
840 383 967 463 nequivi,

168 489 244 548 Tam
258 509 344 566 grave
356 490 513 558 servitium,
533 501 593 549 tam
605 492 689 548 duros
702 489 777 566 passa
790 489 910 556 labores,

164 590 315 668 Effugere,
335 601 369 649 ut
382 591 474 650 sistam
487 593 610 650 exitium
622 593 737 650 crudele
751 586 896 648 mannum?
929 599 932 604 '

170 693 236 770 Jam
245 691 306 772 jam
319 711 373 750 nec
386 677 467 751 nobis
480 713 522 764 ea,
544 713 608 770 quae
621 693 786 760 senioribus,
805 693 899 750 ullum

166 795 263 874 Copia·
274 795 389 852 vivendi
402 795 469 852 vitae
482 813 581 872 genus.
623 797 664 854 Ut
680 796 750 870 quid
762 814 816 871 ego
830 813 937 862 amens,
953 798 960 802 ”

57 939 62 948 ·
170 899 215 956 Te
227 899 332 974 erepta,
353 918 370 955 o
384 898 562 956 Britomarti!
585 917 657 956 meae
670 899 730 974 spes
741 918 797 956 una
811 897 917 967 salutis,

171 997 231 1070 Te„
245 1000 420 1069 Britomarti,
439 1001 516 1060 diem
529 1003 609 1078 potui
622 1003 776 1079 producere
788 1001 872 1059 vitae?

172 1105 272 1178 Atque
284 1101 397 1162 utinam
410 1103 495 1160 celeri
508 1122 544 1161 ne
559 1113 671 1161 tantum
685 1114 763 1180 grata
776 1105 878 1162 Dianae
961 1130 963 1136 v

173 1207 301 1276 Venatus
313 1204 380 1264 effes
392 1205 475 1282 virgo
487 1205 590 1264 sedata
603 1206 736 1275 virorum,

175 1307 288 1368 Cnoffia'
301 1327 358 1366 neu
371 1307 474 1366 Partho
487 1309 660 1373 contendens
674 1308 780 1384 spicula
792 1325 882 1366 cornu

174 1409 298 1469 Diuaeas
311 1427 407 1486 ageres
420 1410 456 1468 ad
470 1409 599 1484 gramina
612 1419 678 1468 nota
692 1409 827 1486 capellas:

167 1513 344 1588 -Nunquarn,
359 1523 425 1594 tam
437 1512 543 1574 obnixe
555 1511 668 1587 fugiens
681 1511 791 1576 Minois
805 1529 923 1578 amores,
959 1549 962 1567 ν,

174 1616 300 1690 Praeceps
313 1614 395 1670 aeriis
408 1613 521 1689 speculi
533 1614 569 1670 de
581 1613 726 1670 montibus
738 1613 814 1683 iffe55
940 1677 942 1680 ¹
958 1682 960 1691 y

101 1791 103 1798 Α
175 1717 263 1774 Unde
276 1717 325 1778 alii
337 1715 439 1792 ,fugisse
452 1715 557 1783 ferunt,
577 1725 607 1772 et
619 1714 738 1772 numina
750 1714 871 1791 Aphaeae
958 1718 964 1764 i

175 1817 305 1894 Virginis
318 1817 480 1892 adsignant:
503 1817 561 1884 alii,
582 1836 639 1892 quo
652 1817 746 1874 notior
758 1816 835 1886 effes,

162 1917 353 1996 'Dietynaam
365 1919 463 1976 dixere
476 1927 528 1976 tuo
540 1919 575 1976 de
588 1919 706 1976 nomine
718 1920 840 1976 Lunam.

170 2022 240 2092 ,sint
252 2022 314 2080 haec
327 2033 393 2080 v'era
405 2021 506 2080 velim:
529 2019 602 2078 mihi
615 2032 700 2088 certe,
720 2030 816 2096 gnata,
836 2019 940 2096 peristi.

176 2123 347 2200 Numquam
369 2139 422 2198 ego
448 2131 476 2192 te
500 2121 612 2185 summo
632 2121 801 2184 volitantem
818 2121 849 2183 in
866 2121 974 2184 vertice

254 2225 361 2284 montis
416 2232 419 2237 '

175 2331 326 2406 Hyrcanos
339 2329 415 2388 inter
426 2329 544 2390 comites
556 2347 716 2406 agmenque
729 2330 854 2390 ferarum

177 2431 366 2508 conspiciam,
386 2450 439 2488 nec
452 2439 481 2488 te
493 2431 659 2490 redeuntem
671 2434 802 2510 amplexa
816 2433 929 2490 tenebo

176 2536 288 2614 Verum
300 2534 438 2604 hactum
451 2533 532 2591 nobis
546 2535 641 2610 gravia
655 2544 743 2610 atque
752 2535 871 2610 indigna
884 2528 975 2605 fuere,

176 2638 264 2707 Tum,
278 2655 341 2694 mea
354 2635 479 2702 alunma,
496 2636 538 2692 tui
552 2655 619 2694 cum
631 2636 692 2712 spes
705 2637 817 2712 integra
832 2644 959 2694 maneret
964 2659 976 2708 ς,

177 2741 215 2798 Et
228 2759 284 2796 vox
297 2739 347 2800 ista
359 2757 436 2799 meas
449 2757 507 2795 non
520 2739 590 2795 dum
602 2739 756 2796 violaverat
768 2759 858 2798 aures.
958 2770 960 2780 =

177 2843 258 2900 Tene
268 2841 357 2898 etiam
370 2841 494 2898 Fortuna
506 2839 579 2898 mihi
592 2841 714 2898 crudelis
726 2841 849 2898 ademit?

177 2945 267 3013 Tene,
287 2944 318 2999 o!
342 2942 400 3000 sola
413 2961 484 3000 meae
497 2942 611 3004 vivendi
623 2943 716 3000 caussa
729 2942 863 3000 senettae?
921 2987 922 2992 1
966 2969 969 2976 ·

179 3046 266 3120 Saepe,
287 3055 337 3102 tuo
349 3044 427 3102 dulci
440 3044 632 3119 nequidquam
645 3053 727 3119 capta
740 3043 846 3120 sopore,

179 3147 256 3204 Cum
268 3155 408 3221 premeret
422 3157 532 3216 natura,
545 3146 625 3224 mori
639 3164 685 3210 me
696 3146 770 3206 velle
782 3145 895 3223 negavi,
965 3199 969 3208 .

236 3481 380 3554 A
