2236 3584
173 201 237 288 19⁸¹
427 194 701 265 AENEIDOS,
856 198 968 251 udalr

171 350 217 418 Et,
237 367 294 425 quo
308 350 359 408 sub
372 352 444 410 coelo
457 353 582 420 tandem,
599 351 703 427 quibus
716 347 793 406 orbis
805 346 836 404 in
849 346 905 404 oris

170 452 323 528 Jaoiemur,
343 453 451 512 doceas.
482 453 578 530 Ignari
591 452 808 527 hominumque,
821 449 963 508 locorum·

269 573 314 622 ue,

171 574 313 725 Errariius,
332 665 418 714 vento
431 656 488 714 huc
501 665 531 714 et
543 655 625 715 vastis
637 655 772 714 fiufflbus
784 652 852 711 aui:
965 675 968 682 ⁴

171 758 268 816 Multa
282 757 335 816 tibi
349 767 415 816 ante
428 778 488 817 aras
501 759 593 817 nostri
605 759 688 815 cadet
702 756 791 814 hostia
803 753 911 813 dextri.

208 861 288 918 Tum
294 860 407 918 Venus:
431 862 519 919 Haud
529 859 664 937 equidem
676 859 727 916 tali
740 877 787 916 me
797 857 900 934 dignor
912 856 964 914 ho-

286 981 368 1021 nore:

170 1063 340 1142 Virginibus
351 1065 448 1142 Tyriis
461 1085 522 1123 mos
535 1066 575 1123 est
588 1066 695 1142 gestare
707 1063 878 1141 pharetram,

170 1168 372 1244 Purpureoque
384 1168 441 1226 alte
454 1166 529 1226 furas
542 1167 652 1225 vincire
665 1166 815 1224 cothurno.

170 1268 277 1326 Punica
291 1287 378 1345 regua
392 1269 481 1337 vides,
500 1269 612 1346 Tyrios,
630 1277 662 1344 et
674 1268 815 1345 Agenoris
829 1268 928 1325 urbem
936 1290 945 1337 ς

171 1371 226 1428 Sed
238 1371 309 1428 fines
322 1369 434 1448 Libyci,
455 1390 544 1448 genus
556 1370 734 1428 intrudiabile
746 1370 831 1427 bello.

170 1473 329 1550 Imperium
342 1474 420 1531 Dido
431 1473 520 1551 Tyrii
533 1473 608 1550 regit
620 1474 691 1530 urbe
703 1473 837 1550 profesio,

170 1576 348 1634 Germanum
360 1575 484 1652 fugiens.
525 1577 625 1652 longa
637 1576 678 1632 est
690 1573 804 1652 injuria,
823 1573 917 1650 longae

171 1679 330 1755 Ambages3
352 1678 400 1735 sed
414 1678 525 1735 summa
538 1677 639 1752 sequar
651 1677 763 1754 fastigia
777 1695 880 1734 rerum.

171 1778 251 1838 Huic
263 1779 389 1856 conjunx
403 1780 535 1857 Sychaeus
547 1789 617 1848 erat,
637 1778 789 1836 ditissimus
801 1777 863 1854 agri
966 1779 971 1784 '

171 1881 350 1951 Phoenicum,
370 1891 400 1940 et
412 1867 519 1958 magno
531 1879 640 1938 miserae
653 1881 771 1938 dileotus
783 1899 893 1951 amore;

171 1984 228 2042 Cui
240 1993 321 2062 pater
332 1984 469 2042 intadam
483 1984 607 2052 dederat,
627 1983 784 2060 primisque
793 1981 909 2059 jugarat

155 2111 158 2130 ·
170 2087 341 2145 Ominibus:
363 2086 412 2144 sed
427 2105 513 2163 regna
526 2087 598 2163 Tyri
611 2105 761 2163 germanus
773 2087 898 2144 habebat

170 2187 349 2266 Pygmalion,
370 2187 475 2245 scelere
487 2197 554 2246 ante
567 2189 636 2246 alios
649 2188 792 2247 inmanior
805 2188 907 2257 omnis,
937 2185 940 2192 ’
965 2188 968 2192 ’

124 2363 126 2370 Α
171 2291 254 2348 Quos
266 2290 342 2347 inter
354 2290 466 2348 medius
479 2291 559 2348 venit
572 2290 669 2348 Furor.
710 2291 764 2348 ille
777 2290 928 2368 Sychaeum
966 2295 969 2300 “

170 2391 271 2468 Inpius
283 2401 350 2449 ante
363 2411 433 2460 aras,
453 2402 541 2468 atque
553 2393 616 2450 auri
629 2411 720 2450 caecus
733 2411 837 2460 amore,

166 2493 255 2552 Clam
267 2493 342 2552 ferro
353 2493 504 2552 incautum
517 2493 639 2570 superat,
660 2493 772 2552 securus
785 2513 915 2552 amorum

170 2597 338 2654 Germanae:
361 2595 526 2671 samumque
540 2595 591 2653 diu
604 2595 719 2666 celavit,
739 2607 769 2654 et
782 2614 898 2672 aegram,

170 2697 267 2756 Multa
281 2697 373 2755 malus
386 2697 528 2766 fimulans,
547 2699 620 2767 vani¹
633 2698 681 2776 spe
693 2699 759 2757 lusit
772 2709 926 2758 amantem.

64 2871 68 2880 ι
170 2799 233 2877 Ipsa
247 2799 339 2858 sedin
352 2799 457 2857 somnis
470 2799 615 2857 inhumati
628 2801 708 2858 venit¹
720 2802 817 2878 imago
870 2835 872 2840 ·

170 2900 325 2978 conjugis:
348 2919 396 2959 ora
409 2901 501 2959 modis
513 2901 652 2959 adtollens
665 2903 771 2979 pallida
785 2903 874 2974 miris,
958 2901 961 2909 ’

171 3003 302 3060 Crudelis
313 3021 384 3072 aras,
405 3001 575 3080 trajediaque
587 3005 699 3081 pedora
713 3006 797 3074 ferro,

170 3104 316 3177 Nudsvit5
338 3123 502 3182 caeoumque
514 3105 616 3165 domus
628 3105 717 3165 scelus
732 3125 818 3166 omne
831 3109 943 3169 retexit.
