2208 3574
154 214 243 278 v.94.
465 206 566 265 mu.
605 206 660 278 111.
880 209 950 294 ,2⁵³¹

154 359 328 424 Dardanidae
341 360 416 432 duri,
436 380 501 438 quae
512 381 591 420 vnea
605 361 690 438 stirpe
701 365 853 438 parentum

152 462 249 522 Prima
263 463 330 520 tulit
344 463 437 532 tellus,
456 465 557 522 eadem
569 483 619 521 vos
630 443 719 521 ubere
730 463 797 520 laeto
883 469 886 474 '

149 563 296 640 ·Adcipiet
303 567 436 623 reduces:
460 565 608 641 antiquam
620 564 763 642 exquirite
776 572 907 622 matrem.

155 667 215 724 Hic
228 668 328 724 domus
341 667 445 726 AEneae
458 667 567 726 cunctis
579 667 775 726 dominabitur
786 657 852 736 nris,

154 769 194 826 Et
206 769 268 827 nati
281 779 423 839 natorum,
444 770 538 847 etqui
552 769 703 828 nascentur
716 767 830 828 abillis.

154 871 227 928 Haec
240 871 375 930 Phoebus:
398 873 547 948 mixtoque
559 872 661 948 ingens
674 879 773 929 exorta
785 853 915 930 tumultu

154 952 284 1046 Lettitia3
305 977 335 1032 et
348 975 453 1044 cuncti,
476 986 540 1050 quae
554 975 783 1044 linteaminum,
800 982 951 1052 querunt}

156 1077 226 1134 Ouo
239 1077 361 1138 Phoebus
373 1085 456 1134 vocet
472 1077 601 1145 errantis,
616 1075 774 1153 jubeatque
787 1079 900 1136 reverti.
945 1074 948 1080 ’
980 1069 983 1074 ’

153 1179 233 1236 Tum
253 1179 375 1256 genitor,
395 1159 526 1238 veterum
543 1179 658 1237 uoluens
677 1177 865 1238 monumenta
878 1179 952 1239 viro-

235 1301 307 1352 mm,

111 1422 117 1428 -
155 1383 274 1452 Audite,
294 1404 312 1440 ο
324 1384 465 1460 proceres!
488 1383 528 1442 ait
533 1408 543 1456 ς
564 1392 593 1442 et
605 1383 666 1461 spes
679 1383 779 1442 discite
791 1383 902 1443 vestras.

157 1487 244 1544 Creta
256 1488 335 1564 Jovis
348 1486 447 1563 magni
459 1486 555 1544 medio
563 1485 639 1563 jacet
652 1485 745 1544 insula
757 1497 860 1563 ponto;

155 1589 243 1646 Mons
259 1590 350 1646 Idaeus
362 1588 423 1659 ubi,
432 1669 433 1672 Ἴ
443 1597 472 1646 et
486 1589 580 1666 gentis
592 1589 734 1646 cunabula
747 1589 856 1648 nostrae.
888 1607 891 1615 ·

156 1691 282 1750 Centum
294 1693 378 1750 urbes
397 1690 529 1748 habitant
542 1709 668 1767 magnas,
689 1690 833 1749 nbenima
847 1709 949 1769 regna:

156 1793 304 1850 Maximus
316 1793 394 1849 unde
408 1800 497 1868 pater,
518 1793 539 1848 s1
551 1791 607 1848 rite
620 1791 716 1850 audita
724 1793 870 1863 'record0r,

96 1919 99 1926 Δ
155 1894 283 1954 Teucrus
296 1893 428 1950 Rhoeteas
441 1893 567 1969 primum
579 1893 618 1950 est
631 1895 763 1952 advectus
775 1895 811 1954 ad
824 1915 895 1966 oras,

156 1995 332 2072 Optavitque
343 1994 441 2052 locum
453 2013 552 2071 regno.
572 1995 712 2054 Nondum
722 1995 818 2068 Ilium,
833 2006 863 2056 et
876 2017 953 2066 arces

111 2077 113 2084 Ι
156 2099 318 2174 Pergameae
330 2096 477 2154 steterant:
498 2096 668 2154 habitabant
680 2097 800 2157 vallibus
812 2099 886 2158 imis.

4 2283 6 2296 ἱ
90 2224 92 2228 ·
157 2199 237 2258 Hinc
249 2206 349 2267 mater,
368 2198 475 2256 cultn'x
496 2197 622 2289 Cybele,
642 2199 952 2277 Corybantiaque'aera,

4 2325 5 2368 ι
101 2335 105 2340 ·
157 2301 324 2378 Idaeumque
337 2319 455 2358 nemus:
477 2299 545 2357 hinc
558 2299 739 2375 fidafilentia
752 2302 845 2372 sacris,

157 2405 195 2462 Et
204 2401 298 2480 juncti
311 2421 427 2460 curmm
442 2402 566 2460 dominae
579 2401 689 2461 subiere
702 2403 806 2462 lennes.
822 2455 825 2463 .
878 2429 879 2432 “

158 2507 234 2582 Ergo
247 2503 333 2581 agite,
346 2513 386 2573 et,
397 2503 493 2562 divom
505 2503 615 2560 ducunt
628 2503 684 2580 qut
692 2503 775 2582 jussa,
785 2506 950 2583 sequamur:

157 2607 304 2666 Placemus
316 2615 425 2673 ventos,
444 2613 474 2662 et
487 2606 590 2664 Gnosia
602 2625 691 2682 regna
702 2617 841 2684 petamus.

158 2709 190 2766 N
191 2728 224 2767 ec
236 2709 324 2784 longo
337 2707 440 2788 distant
453 2707 553 2765 cursu:
566 2709 661 2766 modo
673 2710 808 2787 Juppiter
819 2712 900 2783 adut,

157 2810 256 2868 Tertia
269 2811 321 2868 lux
333 2809 447 2890 clnffem
460 2809 581 2868 Cretaeis'
591 2809 665 2868 sistet
674 2811 705 2868 in
719 2813 783 2872 on's.

159 2911 205 2970 sie
218 2911 304 2982 fatus,
324 2911 439 2970 meritos
452 2911 506 2969 aris
519 2911 654 2970 mactavit
665 2911 799 2986 honorem

158 3015 289 3072 Tauium
303 3015 451 3090 Neptuno,
471 3023 584 3072 taurum
597 3014 659 3084 tibi,
680 3017 799 3092 pulcher
811 3021 917 3097 Apollo
921 3046 930 3093 ς
1000 3025 1003 3037 '

42 3157 43 3165 ,
159 3115 391 3196 NigramHiemi
399 3115 549 3193 pecudem,
558 3115 698 3193 Zephyris
706 3119 838 3180 felicibus
846 3123 950 3184 albem.
