2236 3584
663 1 1113 15 -*--···——-·=—·-=—-——-·.-—-

139 253 265 340 urreis
471 239 663 305 cirili?
896 239 952 318 159·

152 402 181 460 0
194 421 248 479 ego
260 398 397 460 crudelisl
418 402 534 461 flammi
548 399 779 478 delubra'petivi:

152 505 196 564 Te
208 521 275 562 vero
287 503 400 575 viliore,
420 505 497 580 prius
510 505 558 563 vel
571 506 658 563 sidera
671 505 766 562 cursus

152 606 301 662 Mutatura
315 605 387 676 suos,
407 625 495 682 quam
508 616 537 664 te
550 607 624 664 mihi
637 608 703 664 talia
717 616 808 684 captae

151 708 305 766 maurum
319 708 417 765 metui.
460 711 526 786 Jam
533 707 595 785 jam
608 709 697 768 scelus
710 709 807 766 omnia
818 709 917 768 vincit.

152 812 234 868 Tene
245 829 300 887 ego
311 812 375 887 plus
387 813 480 887 patrio
492 813 580 870 dilexi
594 812 703 888 perdita
715 815 820 888 regno?

152 913 232 971 Tene
245 915 316 989 ego?
338 932 390 970 nec
403 915 517 984 mirum,
537 915 619 971 vultu
632 915 749 990 decepta
767 913 870 989 puella,

153 1015 197 1072 Ut
209 1015 277 1082 vidi,
297 1024 331 1072 ut
341 1015 426 1091 perii!
448 1026 481 1074 ut
494 1035 540 1073 me
554 1017 645 1074 malus
657 1016 772 1074 abstulit
783 1017 872 1074 erro't!

153 1117 224 1174 Non
237 1118 369 1193 equidem
383 1137 419 1175 ex
431 1119 482 1176 isto
494 1118 602 1195 speravi
614 1137 728 1195 corpore
741 1119 817 1195 polle

152 1219 225 1277 Tale
238 1222 347 1278 malum
360 1220 449 1278 nasci:
470 1221 571 1290 sormi,
591 1221 636 1280 vel
649 1221 746 1290 fidere,
765 1221 857 1279 fallor.

152 1322 223 1380 Non
237 1341 283 1380 me
296 1323 404 1380 deliciis
417 1324 563 1381 conmovit
575 1323 662 1400 regia,
682 1324 759 1381 dives

154 1425 270 1483 Coralio
283 1425 389 1502 fragili,
408 1435 495 1502 atque
507 1425 611 1483 eleciro
623 1427 782 1484 lacrimoso:

154 1527 224 1585 Non
238 1547 285 1585 me
297 1527 429 1585 florentes
442 1528 546 1605 aequali
559 1547 674 1604 corpore
687 1529 717 1585 N
718 1529 845 1605 ymphae3

154 1631 225 1687 Non
237 1640 329 1695 metus
341 1630 485 1688 incensam
497 1630 591 1708 potuit
603 1631 724 1688 retinere
737 1632 862 1689 deorum.

155 1731 262 1789 Omnia
275 1731 366 1790 vincit
384 1752 479 1790 amor:
502 1732 572 1809 quid
584 1731 662 1790 enim
675 1751 734 1790 non
745 1733 872 1790 vinceret
884 1731 949 1790 ille?

156 1835 226 1892 Non
240 1835 313 1892 mihi
322 1833 383 1912 jam
396 1835 499 1910 pingui
512 1835 653 1892 sudabunt
666 1815 794 1911 tempora
807 1834 933 1911 myrrhi,

155 1939 285 1996 Pronuba
298 1957 350 1995 nec
363 1939 448 1995 callos
461 1938 601 1996 adcendet
612 1937 695 2012 pinus
707 1921 814 2006 odores,

154 2042 219 2100 Nec
233 2043 321 2119 Libys
333 2042 448 2118 Allyrio
460 2041 598 2100 sternetur
609 2040 729 2098 leilulus
741 2041 827 2098 ostro:

155 2145 264 2222 Magna
290 2163 405 2221 queror;
438 2163 491 2201 nec
515 2154 554 2218 et,
581 2143 631 2201 illa
654 2143 772 2218 quidem
794 2142 958 2200 communis¹

203 2287 207 2298 ·
233 2245 348 2304 alumna

156 2347 309 2416 Omnibus,
328 2347 432 2424 injecti
445 2349 528 2407 tellus
542 2349 697 2406 tumulabit
710 2350 804 2407 areni.

156 2451 246 2508 Mene
258 2451 333 2507 inter
345 2450 472 2519 comites,
492 2451 717 2526 ancillarumque
729 2461 854 2510 catervas

156 2553 245 2610 Mene
259 2552 328 2610 alias
340 2552 424 2623 inter,
445 2553 618 2611 famularum
630 2571 749 2610 munere
762 2554 856 2630 fungi,

157 2653 296 2731 Coniugis
309 2665 394 2729 atque
408 2663 474 2724 tuae,
494 2673 682 2732 quaecumque
693 2655 749 2712 erit
760 2654 819 2724 illa,
833 2657 924 2714 beate

156 2757 225 2815 Non
240 2756 323 2814 licuit
336 2756 465 2832 gravidos
478 2755 564 2832 penso
576 2757 725 2814 devolvere
737 2755 830 2814 fusos?

157 2860 200 2916 At
212 2857 281 2915 belli
295 2858 392 2915 saltem
405 2856 549 2934 captivam
561 2858 625 2934 lege
632 2854 768 2915 'necallee

157 2961 223 3037 Jam
236 2959 311 3016 feisae
324 2961 441 3018 tandem
453 2959 571 3035 fugiunt
584 2959 620 3017 de
633 2978 749 3036 corpore
760 2959 843 3028 vires,

157 3063 196 3118 Et
208 3071 294 3137 caput
305 3061 412 3119 inflexi
424 3062 537 3119 lentum
551 3060 660 3120 cervice
673 3061 814 3118 recumbit

155 3163 332 3238 Marmorei5
348 3163 531 3242 adductisque
545 3161 693 3224 labascunt
706 3159 927 3226 brachiamodis.
