2236 3584
160 219 189 264 v.
199 212 265 277 517.
479 205 578 264 LIB.
617 205 643 263 Ι.
898 211 955 262 205

67 411 71 422 ,
163 359 239 417 Quae
251 360 365 418 somma
378 359 453 428 viris,
473 361 586 419 classem
597 377 655 437 quo
667 359 750 418 litore
761 358 903 434 linquant,

163 462 245 520 Quid
256 463 386 520 veniant:
409 463 519 522 cunetis
535 481 603 522 nam
615 462 682 520 ledi
695 461 814 519 navibus
826 460 917 528 ibant,

162 563 284 622 Orontes
298 564 419 635 veniam,
440 574 469 623 et
482 565 621 642 templum
637 565 759 622 clamore
771 563 917 640 petebant.

161 707 164 712 -
201 666 351 742 Postquam
362 667 532 744 introgredi,
549 675 579 724 et
587 685 683 726 coram
696 667 762 724 data
774 664 854 742 copia
867 662 957 734 sandi,

163 767 319 828 Maxumus
331 769 456 827 Ilioneus
468 769 581 846 placido
594 770 631 826 src
642 768 754 846 pedore
767 767 868 844 ooepit:

164 869 192 928 Ο
205 870 316 946 regina!
338 889 441 930 novam
453 873 500 930 cui
515 873 636 930 condere
648 871 781 948 Juppiter
793 872 903 938 urbem,

164 971 334 1049 Justitidque
347 971 427 1032 dedit
439 974 533 1050 gentis
544 973 655 1030 frenare
668 971 808 1048 superbas,

164 1075 252 1132 Trods
265 1083 294 1132 te
306 1074 411 1144 miseri,
432 1076 522 1134 ventis
534 1075 624 1133 maria
637 1075 733 1134 omnia
745 1075 829 1144 redii,

65 1209 69 1216 -
165 1175 300 1234 Oramus:
322 1177 440 1254 prohibe
453 1177 584 1236 infandos
597 1197 614 1236 a
627 1177 745 1236 navibus
758 1177 849 1254 ignis3
952 1189 957 1204 ⁸

165 1279 251 1336 Parce
262 1278 310 1355 pio
323 1279 431 1356 generi,
451 1289 481 1336 et
495 1279 612 1356 propius
624 1297 667 1338 res
680 1279 793 1357 adspice
806 1280 919 1341 nostras.

165 1381 235 1438 Non
248 1399 299 1439 nos
312 1391 362 1440 aut
375 1383 451 1440 ferro
464 1382 584 1458 Libycos
597 1382 732 1458 populare
746 1383 862 1441 Penaoes

165 1482 314 1551 Venimus,
333 1492 383 1541 aut
395 1493 487 1560 raptas
501 1485 536 1541 ad
549 1483 633 1544 litora
645 1493 753 1542 vertere
765 1485 886 1561 praedas:

166 1585 235 1642 Non
248 1603 282 1643 ea
296 1585 336 1643 vir
349 1585 454 1654 animo,
476 1603 529 1642 nec
543 1595 621 1643 tanta
636 1583 764 1661 superbia
778 1586 866 1644 ridde

165 1687 213 1744 Est
226 1688 313 1756 locus,
334 1687 503 1764 Hesperiam
516 1687 597 1745 Graii
610 1687 782 1762 cognomine
795 1687 906 1756 dicunt,

164 1789 254 1846 Terra
267 1788 392 1864 antiqua,
411 1797 512 1864 potens
525 1787 620 1856 armis,
640 1798 725 1863 atque
737 1789 825 1846 ubere
839 1789 929 1866 glebae
936 1813 944 1861 3

166 1889 287 1948 OEnotri
300 1891 412 1950 coluere
425 1890 493 1948 viri:
516 1903 593 1947 nunc
606 1888 692 1959 sama,
711 1890 835 1948 minores

166 1991 280 2050 Italiam
293 1991 394 2050 dixiffe
406 1991 486 2049 ducis
499 1992 534 2048 de
547 1991 663 2049 nomine
676 2003 801 2068 gentem.

167 2093 226 2152 Hic
238 2094 333 2151 cursus
346 2094 416 2151 fuit:

168 2196 280 2264 Quum,
299 2193 393 2253 subito
406 2193 558 2271 adsurgens
571 2193 670 2262 fludio,
690 2195 835 2256 nimbosus
848 2196 939 2256 Orion

112 2299 116 2308 '
167 2297 201 2354 ln
217 2299 285 2356 vada
299 2316 372 2356 caeca
386 2296 462 2366 tulit,
481 2297 650 2373 penitusque
662 2296 827 2373 procacibus
840 2299 947 2368 austris,

167 2401 276 2475 Perque
287 2401 386 2468 undas,
406 2399 555 2476 superante
568 2398 635 2467 salo,
654 2417 761 2475 perque
774 2399 852 2458 invia
865 2401 939 2472 sana,

166 2500 308 2578 Dispolit:
330 2502 387 2560 huc
399 2500 484 2578 pauci
497 2499 591 2558 vestris
604 2501 770 2560 adnavimus
782 2501 849 2562 oris.

168 2605 256 2663 Quod
269 2623 359 2682 genus
372 2604 427 2660 hoc
440 2602 600 2671 hominum,
620 2621 719 2678 quaeve
731 2603 809 2660 hunc
823 2612 883 2662 tarn
895 2607 958 2664 bar-

245 2709 312 2764 bara
326 2723 435 2763 morem

168 2809 311 2866 Permittit
323 2807 429 2882 patria?
449 2805 571 2882 hospitio
583 2805 767 2882 prohibemur
779 2826 885 2869 arenaer

169 2911 247 2969 Belia
260 2911 346 2979 cient,
365 2910 513 2987 primique
525 2917 622 2966 vetant
635 2909 780 2968 confistere
791 2913 875 2972 tend.

170 3014 198 3071 Si
212 3031 301 3090 genos
314 3013 473 3071 humanum
486 3020 516 3068 et
528 3011 659 3068 mortalia
671 3013 799 3070 temnitis
812 3033 898 3085 arma,

170 3117 212 3172 At
224 3114 331 3190 sperate
344 3115 411 3172 deor
423 3131 561 3170 memores
573 3113 664 3181 fandi,
684 3123 769 3190 atque
783 3117 908 3176 nefandi.
