2208 3574
152 179 227 234 2401
401 171 677 243 AENEIDOS,
841 169 947 229 absa.

153 325 263 384 Guntia
280 333 368 403 pater,
388 323 506 404 fatoque
518 329 654 406 urguenti
673 326 838 384 incumbere
850 325 947 382 vellet.

151 428 308 502 Abnegat,
327 430 505 506 inceptoque,
526 440 555 488 et
568 431 678 487 sedibus
691 428 780 485 haeret
792 427 823 482 in
835 427 936 483 isdem.

192 529 297 586 Rursus
317 531 347 587 in
369 550 446 588 arma
467 533 552 601 seror,
575 540 753 605 mortemque
774 528 952 614 miserrimus:

270 641 354 709 opto:

153 731 232 790 Nam
245 734 322 808 quod
335 733 491 805 consilinm,
510 743 560 791 aut
572 752 636 809 quae
644 732 706 810 jam
718 731 842 800 fortuna,
862 733 948 790 daba—

272 840 334 894 tur?

154 923 244 995 Mene
257 937 356 995 efferre
370 940 481 1016 pedem,
502 939 623 1014 genitor,
645 946 673 994 te
687 937 762 1013 posse
775 937 873 996 relibio

154 1041 290 1116 Sperasti?
313 1050 483 1116 tantumque
496 1040 575 1097 nefas
587 1037 679 1116 patrio
692 1039 798 1096 excidit
811 1042 877 1096 ore?

155 1141 184 1200 Si
196 1142 270 1198 nihil
284 1161 320 1199 ex
334 1143 413 1199 tanti
427 1143 538 1219 Superis
550 1142 643 1218 placet
655 1143 725 1198 urbe
738 1139 870 1216 relinqui,

154 1244 193 1300 Et
206 1243 282 1311 sedet
295 1225 349 1302 boc
363 1244 467 1310 animo,
487 1243 677 1319 perituraeque
690 1243 793 1300 addere
805 1241 897 1318 Trnjae
934 1235 937 1238 ’

154 1345 254 1420 Teque
268 1354 387 1420 tuosque
396 1344 491 1421 juvat3
513 1354 591 1420 patet
604 1345 649 1400 isti
658 1343 745 1420 janua
758 1344 832 1400 leto:

154 1447 276 1524 Jamque
290 1447 381 1504 aderit
394 1447 485 1504 multo
500 1445 603 1504 Priami
616 1447 652 1502 de
664 1445 802 1522 sanguine
816 1443 948 1521 Pyrrhus,

156 1546 278 1606 Natum‘
288 1557 355 1605 ante
372 1567 420 1604 ora
436 1547 532 1624 patris,
553 1557 663 1622 patrem
676 1547 726 1622 qui
746 1550 898 1604 obtruncat
913 1527 951 1605 ad

234 1669 303 1708 aras.
938 1645 942 1650 ⁴

156 1749 319 1820 Hocc’erat,
328 1751 519 1826 almaparens,
528 1752 604 1827 quod
614 1771 660 1808 me
668 1767 719 1828 per
727 1751 792 1822 tela,
804 1771 854 1828 per
862 1752 948 1828 ignis,

155 1851 256 1928 Eripis,
277 1862 310 1909 ut
323 1852 424 1910 mediis
437 1852 545 1910 hostem
557 1853 588 1910 in
602 1853 801 1929 penetralibus,
821 1863 911 1929 utque

154 1952 320 2022 Ascanium,
341 1963 506 2030 patremque
525 1973 630 2022 meum,
646 1953 786 2030 juxtaque
804 1955 950 2026 creusam,

131 2065 135 2071 “
155 2057 289 2114 Alterum
302 2058 333 2115 in
346 2057 462 2116 alterius
475 2057 610 2137 mediatos
623 2056 769 2132 sanguine,
789 2061 921 2115 cernam?

155 2160 255 2229 Arma,
276 2159 340 2227 viri,
358 2160 432 2216 ferte
446 2177 538 2216 arma:
560 2167 643 2215 vocat
655 2159 706 2215 lua
719 2159 820 2216 ultima
833 2159 931 2219 victos.

155 2261 276 2318 Reddite
289 2279 336 2318 me
348 2260 466 2318 Danais:
490 2259 572 2316 finite
589 2257 739 2317 instaurata
753 2260 873 2318 revisam
900 2256 902 2262 ’
925 2241 929 2247 ’

155 2361 267 2420 Proelia.
287 2362 456 2437 Numquam
473 2380 571 2418 ornnes
584 2361 669 2418 hodie
682 2363 837 2419 moriemur
854 2362 950 2420 inulti.

195 2463 275 2521 Hinc
288 2464 363 2521 serro
377 2463 518 2539 adcingor
526 2463 628 2530 rursus,
642 2463 790 2540 clipeoque
804 2463 941 2522 sinistram

157 2564 331 2624 Insertabam
345 2573 454 2641 aptans,
474 2581 578 2640 meque
591 2572 671 2621 extra
688 2566 761 2622 tedia
774 2565 911 2624 ferebam.

154 2667 242 2724 Ecce!
263 2677 368 2733 autem,
388 2665 525 2742 conplexa
538 2668 632 2741 pedes,
652 2665 684 2722 in
697 2666 797 2723 limine
811 2651 937 2743 conjunx

119 2845 122 2852 1
156 2769 301 2836 Haerebat,
321 2785 497 2844 parvumque
511 2767 585 2842 patri
599 2767 734 2824 tendebat
749 2767 858 2825 Iulum:

156 2867 187 2926 si
199 2869 340 2945 periturus
353 2869 421 2937 abis,
441 2877 471 2925 et
484 2885 534 2924 nos
548 2885 614 2943 rape
627 2868 658 2924 in
671 2870 767 2926 omnia
781 2879 892 2941 tecum,

157 2970 207 3028 Sin
220 2971 345 3046 aliquam
357 2979 489 3046 expertus
502 2970 601 3027 sumtis
613 2971 690 3046 spem
703 2974 785 3048 ponis
798 2975 830 3031 in
843 2975 939 3046 armis,

157 3071 242 3128 Hanc
252 3071 378 3147 primum
391 3081 484 3132 tutare
497 3073 624 3156 domum.
657 3074 712 3131 Cui
727 3094 830 3151 parvus
843 3077 934 3148 Iulus,
