2236 3584
161 231 190 276 v.·
204 221 274 287 473.
475 217 572 278 Lib.
612 217 665 276 IV.
896 221 956 276 '12ss

164 374 264 432 Quam
275 373 368 433 multa
380 373 412 436 in
425 373 502 433 foliis
511 367 612 434 ¹avium
626 373 655 432 se
668 371 760 432 millia
774 373 911 441 condunt,

162 475 271 552 Vesper
282 477 334 534 ubi
346 487 397 536 aut
410 476 546 536 hibernus
559 477 620 554 agit
633 478 669 534 de
681 475 828 536 montibus
838 475 943 534 imber:

161 577 283 648 Matres,
302 588 391 655 atque
403 579 466 649 viri,
486 581 677 656 defundaque
692 597 808 656 corpora
821 578 881 637 vita

162 677 386 756 Magnanimum
400 682 528 751 heroum,
541 683 632 761 pueri,
646 682 833 760 innuptaque
844 681 957 757 puellae,

161 783 337 860 Inpofitique
349 785 426 860 rogis
435 783 553 861 juvenes
565 797 632 844 ante
645 804 693 843 ora
706 793 873 862 parentum3

162 888 245 944 Quos
257 887 367 946 circum
380 889 467 948 limus
479 888 571 966 niger,
591 897 622 946 et
633 887 769 948 deformis
782 887 892 946 arundo

160 989 275 1066 Cocyti,
295 990 431 1066 tardique
445 991 524 1068 palus
536 989 700 1048 inamabilis
711 990 790 1048 undi

159 1093 289 1170 Adligat,
309 1103 339 1152 et
351 1095 448 1152 novies
461 1095 532 1171 Styx
544 1093 683 1152 interfusa
696 1096 816 1152 codrcet.

160 1194 244 1254 Quin
257 1195 324 1272 ipsae
337 1197 467 1273 stupuere
479 1197 580 1254 domus
594 1205 679 1272 atque
691 1197 795 1254 intima
809 1195 874 1280 Leti

155 1297 287 1366 Tartara,
308 1299 496 1374 caeruleosquc
508 1297 632 1375 inplexae
645 1298 772 1357 crinibus
789 1299 890 1376 anguis

159 1401 342 1476 Eumenides,
363 1401 514 1477 tenuitque
526 1401 641 1460 inhians
657 1401 711 1459 tria
725 1403 866 1460 Cerberus
879 1421 937 1471 ora,

156 1504 258 1579 Atque
271 1502 377 1561 Ixionii
389 1503 485 1562 flendo
498 1503 700 1574 rotaconsiiiit
710 1504 794 1562 orbis.

196 1605 329 1681 Jamque,
350 1607 452 1682 pedem
465 1606 600 1676 referens,
620 1605 699 1664 casus
713 1605 839 1665 evaserat
851 1605 954 1678 omnis,

158 1707 336 1783 Redditaque
349 1707 492 1784 Eurydice
504 1709 616 1786 superas
628 1707 764 1768 veniebat
775 1709 812 1767 ad
825 1728 915 1780 auras,

158 1810 235 1870 Pone
251 1810 385 1886 sequens;
409 1829 535 1886 namque
558 1810 633 1870 hanc
654 1811 771 1870 dederat
790 1810 955 1888 Proserpina

234 1913 345 1990 legem,
419 1911 422 1916 ’

158 2014 262 2072 Ouum
275 2014 368 2072 subita
380 2012 530 2073 incautum
541 2014 684 2074 dementia
697 2015 774 2094 cepit
786 2023 945 2088 amantem3

159 2116 348 2194 (Ignoscenda
360 2117 488 2192 quidem,
506 2117 612 2176 scirent
624 2118 645 2175 sr
658 2117 804 2195 ignoscere
817 2119 933 2194 Manes)

160 2219 284 2290 Restitit,
304 2220 522 2296 Eurydicenque
534 2219 614 2278 suam
622 2217 683 2301 jam
696 2220 761 2279 luce
774 2222 826 2280 sub
839 2221 900 2298 ipsa

156 2323 312 2394 Inmemor,
341 2321 414 2381 heu!
439 2321 587 2400 viduaque
610 2322 710 2392 animi,
733 2323 867 2400 respexit.
906 2321 958 2389 Ibi.

234 2426 328 2484 omnis

151 2527 269 2592 Effusas
281 2529 368 2596 labor,
388 2536 475 2604 atque
486 2527 598 2586 inmitis
612 2537 696 2606 rupta
708 2530 825 2607 tyranni

156 2631 283 2701 Foedera,
305 2639 405 2706 terque
417 2631 513 2708 fragor
528 2631 619 2708 stagni
632 2633 672 2690 est
685 2633 798 2692 auditus
812 2631 932 2690 Avemi.

155 2733 219 2802 Illa,
240 2733 315 2792 ouis
328 2742 358 2791 et
370 2752 427 2803 me,
446 2733 552 2810 inquit,
571 2734 712 2806 miseram,
733 2745 763 2792 et
775 2723 808 2793 te
817 2734 952 2813 perdidit,

232 2835 362 2912 Orpheo,

155 2938 231 2996 ouis
242 2947 342 2996 ¹tantus
354 2921 451 2996 furor?
473 2939 531 2996 Enl
552 2937 659 2996 iterum
671 2939 796 2998 crudelia
809 2946 885 2998 retro

154 3041 224 3100 Fata
236 3051 349 3110 vocant,
369 3041 524 3117 conditque
537 3041 667 3100 natantia
686 3041 794 3101 lumina
808 3041 931 3104 somnus.
1045 3035 1047 3038 ’

152 3144 278 3224 Jamque
290 3143 366 3203 valet
389 3144 474 3202 Feror
483 3141 600 3222 ingenti
612 3144 786 3206 circumdata
799 3146 890 3215 node,
