2194 3584
67 278 157 342 v.⁴9.
322 272 547 333 ECLOGA
569 271 623 331 'V.
827 283 864 346 19

68 423 223 481 Fortsmate
234 443 315 502 puer,
335 435 367 484 tu
380 445 457 484 nunc
467 427 521 485 eris
534 425 605 484 alter
617 423 724 483 abillo.

67 525 128 582 Nos
161 534 262 584 tamen
292 527 354 584 haec
379 547 560 605 quocumque
584 528 670 586 modo
693 525 748 584 tibi
771 525 864 584 nostra

143 627 267 686 vicillim

67 728 218 801 Dicemus;
239 730 434 808 Daphninque
448 741 530 790 tuum
542 733 673 790 tollemus
686 731 723 788 ad
735 731 821 788 astra:

68 831 206 908 Daphnin
231 834 268 889 ad
296 833 366 891 astra
389 825 526 894 feremus:
549 834 656 893 amavit
678 851 729 891 nos
749 851 863 909 quoque

143 935 285 1012 Daphnis.

403 1059 538 1098 Moesus.-

69 1139 116 1196 An
130 1138 288 1215 quidquam
300 1139 381 1198 nobis
395 1141 445 1197 tali
459 1142 620 1198 summere
633 1137 740 1217 majus?
763 1143 765 1154 '

69 1241 112 1308 Et,
132 1260 212 1317 puer,
231 1241 290 1318 ipse
303 1242 361 1299 fuit
373 1219 479 1300 cantari
492 1242 595 1318 dignus
600 1267 608 1314 3
631 1251 661 1299 et
672 1239 723 1299 ist'a

71 1343 257 1419 jampridem
271 1344 410 1401 Stimicon
424 1343 550 1402 laudavit
560 1344 687 1402 carmina
701 1342 791 1402 nobis.

379 1463 552 1503 usnsncss.

71 1545 214 1604 Candidus
227 1545 372 1604 insuetum
384 1547 505 1605 miratur
517 1546 606 1604 limen
619 1545 748 1623 Olympi,

73 1649 128 1706 Sub
139 1647 316 1724 pedibusque
329 1647 408 1706 videt
422 1651 511 1706 nubes
524 1657 553 1705 et
566 1649 653 1706 sidera
665 1647 805 1724 Daphnis.

72 1749 146 1824 Ergo
157 1749 254 1806 alacris
265 1750 354 1820 s1lvas‚
374 1759 404 1807 et
416 1759 509 1807 cetera
522 1767 596 1819 rura,
615 1750 754 1826 voluptas,

73 1853 210 1926 Panaque,
229 1851 406 1927 pastoresque
417 1859 505 1920 tenet,
525 1852 709 1928 Dryadasque
720 1851 842 1928 puellas:

74 1954 135 2010 Nec
148 1953 230 2029 lupus
243 1952 357 2011 infidias
369 1953 474 2030 pecori,
494 1971 547 2011 nec
561 1953 632 2010 retia
645 1953 735 2011 cervis

74 2055 139 2112 Ulla
151 2054 248 2112 dolum
260 2053 447 2112 meditantur:
470 2063 548 2112 amat
555 2055 646 2112 bomis
655 2053 714 2112 otia
725 2054 865 2131 Daphnis.

75 2157 129 2232 Ipfi
141 2154 241 2212 laetitii
254 2175 337 2213 voces
346 2157 381 2213 ad
394 2156 483 2214 fidera
491 2153 601 2233 jahiant

76 2258 178 2316 Intonsi
189 2267 314 2328 montes3
336 2258 403 2334 ipsae
412 2257 473 2335 jam
485 2259 612 2316 carmina
625 2277 716 2335 rupes,

76 2359 136 2435 lpse
149 2359 248 2417 sonant
261 2359 384 2431 arbusta3
405 2360 493 2428 Deus,
513 2361 582 2417 deus
594 2360 652 2429 ille,
672 2361 820 2419 Menalca!

78 2461 115 2518 Sis
127 2463 216 2518 bonus
228 2479 257 2531 o,
277 2459 413 2537 felixque,
428 2461 498 2518 tuis!
520 2479 556 2519 en
569 2471 693 2537 quatuor
702 2464 777 2520 aras!

79 2567 146 2623 Ecce
157 2567 227 2623 duas
241 2565 306 2635 tibi,
327 2563 453 2640 Daphni,
474 2565 543 2622 duas
555 2565 655 2622 altaria
668 2565 786 2624 Phoebol

80 2667 173 2724 Pocula
186 2667 265 2737 bina,
281 2685 354 2722 novo
368 2665 528 2742 spumantia
542 2667 623 2735 labie,
636 2674 706 2742 quot
720 2665 801 2724 annis

81 2771 259 2844 Craterasque
272 2767 330 2824 duo
342 2767 462 2844 statuam
476 2767 530 2824 tibi
543 2767 660 2843 pinguis
673 2767 743 2824 olivi
748 2791 757 2838 3

39 2879 40 2882 ’
79 2872 119 2940 Et,
137 2871 231 2928 multo
242 2870 275 2926 in
288 2868 387 2946 primis
398 2868 523 2926 hilarans
536 2868 666 2926 convivia
681 2868 801 2936 Baccho,

40 2943 43 3034 i
80 2973 150 3030 Ante
163 2972 272 3042 focum,
293 2969 314 3026 fi
328 2970 419 3046 frigus
432 2970 497 3040 erit,
518 2969 538 3026 fi
553 2971 653 3042 meffis,
674 2970 705 3026 in
718 2970 828 3040 umbri,

42 3053 43 3058 ἵ
80 3073 148 3132 Vina
160 3091 268 3130 novum
282 3072 405 3129 fundam
417 3071 535 3129 calathis
547 3071 660 3129 Ariufia
674 3072 779 3129 nedar.

81 3175 241 3233 Cantabunt
252 3173 326 3233 mihi
339 3175 486 3232 Damoetas
499 3180 529 3229 et
543 3172 658 3247 Lytlius
672 3173 785 3248 AEgon3
