2194 3584
336 239 562 300 ECLOGA
594 239 634 298 Il.

337 641 563 700 ECLOGA
596 642 635 700 Il.

214 891 216 901 .
323 910 325 916 ¹
400 843 576 895 arnxrs.

104 1014 269 1074 Fonuosun
282 1019 375 1094 pastor
388 1022 522 1098 Corydon
535 1022 653 1078 ardebat
665 1019 782 1086 Alexin,

103 1118 218 1176 Delicias
230 1121 355 1178 domini:
378 1141 441 1193 nec,
454 1124 530 1198 quod
544 1123 676 1199 speraret,
695 1121 828 1179 habebat.

103 1221 221 1278 Tantum
232 1222 309 1280 inter
322 1224 430 1292 densas,
450 1223 581 1282 umbrosa
595 1223 753 1292 cacumina,
773 1223 854 1299 fagos

43 1305 45 1328 ι
106 1322 213 1380 Affidue
225 1325 374 1384 veniebat:
396 1327 438 1384 ibi
452 1328 513 1384 haec
526 1325 673 1384 incondita
686 1326 761 1383 solus

107 1425 245 1482 Montibus
257 1436 287 1484 et
300 1405 377 1484 lilvis
389 1428 480 1486 studio
489 1427 614 1504 jaclabat
627 1428 722 1486 inani:

140 1526 165 1582 Ο
178 1527 298 1585 crudelis
311 1529 413 1586 Alexil
433 1531 507 1586 nihil
520 1549 584 1588 mea
597 1529 722 1587 carmina
736 1533 835 1588 curas?
916 1535 918 1542 '

108 1628 154 1686 Nil
166 1629 249 1686 nostri
262 1630 414 1688 miserere?
436 1632 510 1689 mori
522 1651 569 1689 me
582 1631 706 1706 denique
719 1649 818 1708 coges.v

108 1731 186 1788 Nunc
198 1732 285 1788 etiarn
297 1735 421 1809 pecudes
434 1736 548 1790 umbras
562 1742 591 1790 et
604 1733 712 1808 frigora
725 1741 842 1808 captant
847 1757 863 1803 ςἸ

108 1833 186 1890 Nunc
197 1833 294 1890 viridis
307 1835 396 1891 etiarn
409 1835 554 1892 occultant
567 1834 677 1910 spineta
690 1834 808 1891 lacertos
813 1859 823 1905 3
902 1835 911 1846 '

108 1935 236 2011 Thestylis
249 1945 278 1992 et
291 1937 390 2013 rapido
403 1937 477 1994 feffis
490 1937 656 1994 messoribus
669 1936 737 1991 aestu

108 2037 176 2094 Allia
188 2037 399 2114 serpyllumque
413 2040 513 2096 herbas
526 2038 678 2096 contundit
691 2038 811 2094 olentis:

108 2143 144 2198 At
155 2159 265 2196 mecum
277 2141 378 2209 raucis,
400 2151 448 2198 tua
461 2143 532 2198 durn
544 2141 660 2218 vestigia
674 2140 769 2208 lustro,

109 2241 164 2298 Sole
176 2241 225 2298 snb
239 2243 350 2300 ardenti
362 2243 492 2300 resonant
507 2243 617 2300 arbusta
630 2241 743 2299 cicadis.

107 2343 203 2399 Nonne
215 2343 272 2400 fuit
286 2343 381 2414 satius,
396 2345 486 2402 tristes
499 2343 687 2419 Amaryllidis
701 2343 756 2400 iras

43 2441 44 2444 ’
107 2447 195 2520 Atque
207 2445 327 2522 superba
340 2446 401 2521 pati
415 2445 543 2503 fastidia?
565 2463 661 2503 nonne
675 2445 845 2503 Menalcan?

46 2560 52 2574 ’
108 2547 238 2604 Quamvis
250 2547 301 2604 ille
315 2548 406 2624 niger,
428 2547 557 2623 quamvis
571 2557 603 2604 tu
617 2548 754 2605 candidus
768 2548 845 2608 elles.

106 2648 259 2707 Oformose
271 2649 356 2726 puerl
379 2650 504 2706 nimium
517 2669 553 2706 ne
566 2651 649 2706 crede
662 2650 764 2707 colori:

106 2751 175 2807 Alba
187 2751 302 2826 ligustra
315 2753 431 2820 cadunt,
451 2752 579 2816 vaccinia
593 2753 675 2828 nigra
688 2753 834 2828 leguntur.

131 2852 282 2929 Despectus
296 2853 350 2911 tibi
364 2854 381 2910 s
379 2873 437 2921 um,
448 2872 510 2922 nec,
524 2854 574 2929 qui
588 2853 649 2921 firn,
663 2853 773 2928 quaeris,
788 2855 890 2926 Alexi3

106 2954 194 3012 Quam
206 2956 285 3013 dives
297 2956 407 3031 pecoris
416 2955 501 3025 nivei,
513 2975 600 3032 quarn
613 2955 693 3014 laetis
706 2958 871 3014 abundans:

43 3067 45 3124 y
106 3057 183 3114 Mille
194 3077 267 3116 mcae
278 3053 381 3120 Siculis
394 3069 489 3116 errant
502 3058 533 3114 in
546 3057 693 3115 montibus
705 3077 801 3134 agnae:
866 3097 874 3109 .

43 3175 44 3206 1
107 3161 159 3219 Lac
170 3161 242 3221 mihi
256 3181 314 3220 non
329 3161 422 3220 aestate
435 3179 551 3231 novum,
573 3179 630 3218 non
644 3161 758 3238 frigore,
774 3161 868 3218 defite
