2194 3584
164 191 203 243 84
399 185 728 258 GEORGICON,
874 192 962 244 tals.

163 341 301 410 Mincius,
322 350 352 398 et
366 343 462 400 tenera
474 343 610 420 praetexit
622 342 763 401 arundine
771 340 860 418 ripas.

163 443 198 502 In
212 441 395 510 medio'mihi
408 445 503 504 Caesar
515 446 579 516 erit,
599 446 797 522 templumque
810 442 930 510 tenebit.

163 547 210 604 Illi
224 543 315 605 vidior
326 566 389 624 ego,
409 558 439 605 et
453 547 543 625 Tyrio
560 547 724 625 conspehtus
738 547 768 604 in
782 547 864 616 ostro,

163 649 291 708 Centum
304 649 488 728 quadrijugos
500 651 617 728 agitabo
629 651 666 709 ad
679 649 801 708 flumina
814 666 922 706 currus.

162 753 274 810 Cunc'ta
283 752 365 820 mihi,
372 753 518 829 Alpheum
525 753 659 828 linquens
667 751 961 829 lucosqueMolorchi,

163 855 299 913 Cursibus
312 864 342 912 et
355 855 443 913 crudo
456 857 590 913 decernet
602 855 714 915 Graecia
727 855 812 914 oestu.

162 956 235 1035 Ipse,
256 967 342 1035 caput
354 955 443 1016 tonsae
455 956 533 1015 soliis
546 966 662 1015 ornatus
674 957 767 1027 oliva,

161 1059 247 1118 Dona
257 1060 356 1118 feram.
382 1061 448 1136 Jam
462 1078 540 1117 nunc
552 1059 695 1118 sollemnis
708 1060 811 1117 ducere
822 1077 941 1138 pompas

161 1163 211 1220 Ad
224 1162 340 1220 delubra
349 1161 440 1238 juvat,
461 1161 601 1238 caesosque
614 1162 710 1220 videre
719 1159 870 1239 juvencos;

162 1265 217 1321 Vel
232 1263 314 1322 scena
327 1274 361 1322 ut
374 1263 459 1322 versis
471 1263 598 1322 discedat
610 1263 761 1332 frontibus,
781 1273 871 1340 utque

158 1369 305 1450 ¹Purpurea
318 1366 425 1424 intexti
438 1366 541 1424 tollant
554 1367 643 1424 aulaea
655 1365 797 1426 Britanni.

160 1471 195 1527 In
209 1469 318 1527 foribus
331 1487 461 1546 pugnam
473 1487 510 1527 ex
523 1489 592 1527 auro
605 1469 751 1545 solidoque
763 1468 920 1546 elephanto

161 1572 360 1649 Gangaridum
373 1571 488 1643 faciam,
508 1572 679 1648 viliorisque
692 1591 770 1630 arma
784 1571 919 1644 Quirini3

159 1677 260 1751 Atque
272 1673 321 1733 hic
333 1675 492 1732 undantem
505 1675 581 1732 bello
592 1693 788 1751 magnumque
801 1675 940 1734 liuentem

159 1766 276 1846 Nilum,
296 1797 330 1835 ac
344 1777 439 1835 navali
451 1776 592 1853 surgentis
605 1795 661 1834 aere
674 1777 829 1836 columnas.

159 1881 276 1939 Addam
286 1878 367 1938 urbis
376 1879 453 1937 Asrae
465 1879 596 1949 donitas,
615 1879 786 1957 pulsumque
798 1880 960 1957 Niphaten,

160 1983 370 2059 Fidentemque
382 1982 454 2060 fuga
466 1982 604 2040 Parthum
616 1983 756 2060 versisque
769 1982 889 2060 sagittis,

158 2087 196 2144 Et
210 2087 268 2143 duo
280 2093 361 2162 rapta
373 2103 463 2142 mauu
475 2085 586 2142 diverso
599 2104 636 2142 ex
649 2085 727 2143 hoste
740 2095 855 2162 tropaea,

157 2188 265 2263 Bisque
279 2185 471 2262 triumphatas
484 2196 606 2262 utroque
619 2189 655 2245 ab
668 2187 752 2246 litore
765 2188 868 2264 gentis.

158 2292 281 2348 Stabunt
294 2297 324 2346 et
336 2288 413 2346 Parii
426 2289 543 2365 lapides,
564 2278 700 2366 spirantia
712 2290 802 2367 sigua,

157 2390 286 2451 Assaraci
299 2390 401 2469 proles,
421 2391 603 2467 demissaeque
615 2395 652 2450 ab
665 2395 736 2470 Jove
749 2393 843 2469 gentis

157 2493 297 2561 Nomina,
303 2493 434 2569 Trosque
442 2512 553 2571 pareus,
564 2493 691 2573 etTrojae
698 2495 843 2572 Cynthius
851 2477 957 2555 audior.

156 2595 271 2654 Invidia
284 2595 389 2654 infelix
403 2595 511 2665 Furias,
532 2615 704 2673 amnemque
716 2597 844 2656 severum

157 2698 271 2776 Cocyti,
291 2706 412 2766 metuet,
433 2707 578 2774 tortosque
591 2699 701 2757 Ixionis
713 2700 826 2777 anguis,

156 2803 367 2877 Inmanemque
380 2810 482 2872 rotam,
502 2809 532 2858 et
545 2820 604 2859 non
617 2801 812 2880 exsuperabile
825 2803 933 2862 saxum.

195 2904 307 2962 Interea
321 2902 472 2980 Dryadum
486 2903 567 2962 filvas
580 2903 722 2982 saltusque
734 2905 885 2981 sequamur
956 2967 958 2971 ,

155 3006 294 3077 Iutados5
317 3019 375 3075 tua,
396 3006 551 3076 Maecenas,
571 3005 648 3066 haud
661 3007 757 3066 mollia
767 3006 850 3086 juffa.
916 3066 918 3075 ,

153 3107 199 3167 Te
213 3108 272 3167 fine
284 3109 327 3168 nil
341 3109 435 3169 altum
447 3127 529 3170 mena
542 3109 671 3172 inchoat.
704 3111 764 3170 Enl
787 3131 851 3194 age,
866 3112 959 3197 segnia
