2194 3584
133 239 163 280 v.
178 220 246 280 ³612
445 220 542 280 LIB.
582 219 622 278 ΙΙ.
690 229 692 234 “
888 215 925 286 73
944 236 949 273 ·,

136 373 324 445 Adsuescant,
345 375 523 453 summasque
533 375 612 453 sequi
625 374 751 434 tabulata
764 389 815 450 per
827 369 930 429 ulmos.

177 480 231 546 Ac,
244 478 315 535 dum
327 478 419 554 prima
433 478 513 537 novis
526 477 661 536 adolescit
673 475 822 534 frondibus
835 481 911 541 aetas,

139 578 314 637 Parcendum
328 581 446 651 teneris5
468 576 507 650 et,
527 581 595 637 dum
609 579 638 637 se
649 579 731 636 laetus
744 579 779 635 ad
792 595 873 634 auras

139 681 248 738 Palmes
261 680 330 757 agit,
347 675 422 738 'laxis
434 699 601 759 perpurum
613 680 740 739 inmissus
753 678 881 749 habenis,

139 782 205 858 Ipsa
219 782 279 839 acie
291 783 419 840 nondum
431 783 512 841 salcis
526 763 676 854 tentanda,
697 783 745 840 sed
757 781 838 838 uncis

141 884 298 960 Carpendae
311 884 441 943 manibus
454 885 576 954 frondes,
596 885 728 959 interque
740 883 878 959 legendae.

139 986 222 1056 Inde,
243 985 293 1042 ubi
302 983 363 1064 jam
376 985 476 1043 validis
489 987 628 1062 amplexae
641 985 770 1062 stirpibus
782 985 876 1042 ulmos
895 1025 903 1032 .‚
920 1027 923 1035 .

140 1086 280 1156 Exierint,
299 1096 361 1144 tum
375 1087 479 1164 stringe
491 1107 595 1156 comas,
608 1095 671 1144 tum
684 1087 798 1145 brachia
810 1087 910 1156 tonde;

141 1190 221 1246 Ante
234 1188 421 1247 reformidant
433 1189 553 1248 ferrum:
576 1198 640 1247 tum
651 1189 775 1265 denique
786 1190 856 1247 dura

141 1291 252 1348 Exerce
264 1289 393 1366 imperia,
413 1300 443 1348 et
455 1309 547 1348 ramos
559 1290 695 1367 conpesce
707 1291 832 1352 fluentis.
919 1321 923 1328 ²

181 1395 327 1451 Texendae
337 1393 422 1471 saepes
432 1394 529 1464 etiarn,
539 1403 569 1452 et
579 1413 665 1472 pecus
674 1414 760 1454 omne
767 1394 933 1464 tenendum,

144 1493 285 1573 Praecipue
293 1497 363 1554 dum
373 1495 450 1554 frons
462 1505 558 1554 tenera
567 1495 776 1574 inprudensque
788 1497 934 1555 laborum:

145 1597 211 1669 Cui,
231 1596 314 1674 super
325 1596 458 1674 indignas
470 1598 579 1656 hiemes
591 1598 735 1674 solemque
747 1607 902 1675 potentem,

145 1701 289 1760 Silvestres
302 1701 347 1758 uri
360 1701 473 1759 adsrdue
485 1719 649 1778 capreaeque
662 1702 792 1777 sequaces
812 1741 815 1748 ,

144 1803 293 1873 Inludunt,
313 1803 466 1880 pascuntur
476 1798 548 1860 oves'
556 1803 701 1879 avidaeque
709 1803 861 1880 juvencae.·

143 1904 261 1981 Frigora
274 1923 327 1962 nec
341 1914 453 1962 tantum
466 1904 536 1962 cani
549 1914 677 1962 concreta
690 1904 801 1982 pruind,

144 2008 208 2064 Aut
221 2005 314 2082 gravis
325 2007 494 2063 incumbens
507 2005 627 2082 scopulis
641 2007 784 2064 arentibus
797 2005 883 2076 aestas,

145 2109 298 2168 Quantum
311 2107 355 2165 illi
368 2125 490 2164 nocuere
502 2125 611 2183 greges,
632 2108 750 2183 durique
762 2126 904 2166 venenum

145 2210 258 2280 Dentis,
278 2219 308 2267 ct
321 2209 449 2266 admorso
462 2208 569 2284 srgnata
582 2208 613 2264 in
627 2209 710 2285 stirpe
722 2209 849 2268 cicatrix.

145 2313 215 2370 Non
229 2312 315 2370 aliam
326 2313 363 2368 ob
376 2311 489 2386 culpam
500 2310 610 2367 Baccho
623 2329 707 2386 caper
718 2311 851 2369 omnibus
863 2311 918 2370 aris
936 2343 938 2354 ·

147 2413 284 2482 Caeditur,
304 2421 333 2469 et
345 2419 453 2470 veteres
466 2411 566 2468 ineunt
579 2411 724 2488 proscenia
736 2413 807 2482 ludi,

147 2514 321 2589 Praemiaque
335 2511 457 2589 ingeniis
472 2531 559 2588 pagos
572 2523 602 2570 et
614 2513 739 2591 compita
751 2513 860 2573 circum

147 2616 278 2674 Thefidae
290 2614 416 2690 posuere,
437 2624 522 2690 atque
535 2614 611 2671 inter
622 2615 724 2690 pocula
736 2615 796 2672 laeti
848 2629 853 2640 ·

148 2717 287 2777 Mollibus
299 2717 329 2774 in
344 2716 431 2792 pratis
444 2716 543 2773 unctos
556 2716 662 2773 saluere
674 2735 725 2792 per
736 2726 823 2775 utres.

148 2819 213 2879 Nec
225 2837 282 2876 non
297 2816 427 2886 Ausonii,
446 2816 532 2892 Troja
544 2835 613 2892 gens
626 2815 715 2887 missa,
735 2815 830 2874 coloni

148 2921 281 2978 Versibus
294 2919 427 2977 incomtis
441 2919 555 2986 ludunt,
568 2917 682 2994 risuque
695 2917 801 2989 soluto;

149 3021 265 3097 Oraque
277 3020 428 3078 corticibus
440 3018 559 3076 sumunt
571 3019 710 3077 horrenda
722 3019 840 3092 cavatis,
921 3049 923 3054 ·

149 3125 188 3184 Et
201 3133 238 3197 te,
251 3125 371 3196 Bacche,
383 3129 485 3183 vocant
497 3139 548 3199 per
559 3121 684 3181 canuina
696 3122 771 3194 laeta,
790 3122 901 3200 tibique
