2208 3574
146 179 254 244 usu.
466 177 563 235 tls.
603 177 648 240 11.¹
885 181 956 248 237·

146 326 307 385 Abdiderat
320 328 386 396 sese,
406 337 492 405 atque
505 331 559 389 aris
572 331 661 391 invisa
675 329 804 402 sedebat,

146 428 282 486 Exarsere
294 429 375 506 ignes
388 432 498 488 animo:
520 430 596 490 subit
608 433 650 490 ira
663 434 813 490 cadentem
951 505 956 520 ¹

146 528 256 586 Ulcisci
268 531 398 605 patriam,
418 543 448 589 et
458 533 603 591 sceleratas
616 533 725 591 sumere
738 551 843 609 poenas.
946 557 951 566 ·

149 629 264 688 Scilicet
284 631 346 688 haec
367 633 494 708 Spartam
514 634 675 704 incolumis,
695 636 856 712 patriasque
873 635 942 712 My·

226 751 321 802 cenas,

147 833 297 910 Adspiciet
305 860 313 906 3
334 845 475 912 partoque
487 837 543 895 ibit
556 837 654 915 regina
667 835 829 914 triumpho?

149 934 390 1013 conjugiumque,
411 939 594 1015 domumque,
614 950 716 1014 patres,
742 949 878 1016 natosque
898 940 947 1000 vi-·

226 1039 314 1108 debit,

148 1138 272 1196 Iliadum
286 1142 369 1198 turba
382 1150 411 1199 et
423 1143 553 1218 Phrygiis
566 1143 700 1200 comitata
713 1142 847 1200 ministris
853 1147 876 1199 ?-'

147 1239 297 1298 Occiderit
309 1242 384 1300 ferro
398 1245 542 1301 Priamus?
563 1243 648 1320 Troja
661 1244 758 1301 arserit
770 1244 850 1320 igni?

148 1343 327 1410 Dardanium
340 1344 424 1402 toties
436 1345 543 1404 sudarit
556 1345 695 1421 sauguine
707 1345 791 1403 litus?

148 1447 180 1504 N
181 1465 219 1524 on
231 1447 286 1504 itae
310 1466 441 1523 namque,
454 1449 504 1505 etsr
515 1448 628 1506 nullum
638 1448 822 1506 memorabile
837 1465 944 1508 nomeu

148 1548 283 1607 Feminei
296 1550 327 1606 iu
339 1550 423 1626 poeud
436 1551 484 1618 est,
502 1569 556 1607 nec
569 1551 654 1608 habet
667 1550 784 1608 vistoria
797 1551 927 1623 laudem3
1011 1572 1014 1578 ·

149 1650 310 1708 Extinxisse
322 1651 401 1708 nefas
414 1661 520 1720 tamen,
540 1663 570 1708 et
582 1651 705 1709 sumsisse
717 1653 853 1710 merentis

148 1753 300 1812 Laudabor
310 1771 409 1829 poeuas
415 1778 424 1824 ;
445 1753 631 1828 animumque
643 1752 765 1828 explesse
774 1752 888 1828 juvabit

148 1854 267 1912 Ultricis
280 1855 413 1921 flammae,
433 1862 463 1910 et
475 1853 584 1910 eineres
597 1854 706 1912 satiasse
718 1873 856 1912 meorum.

186 1955 269 2012 Talia
279 1954 431 2031 jactabam,
452 1965 482 2012 et
494 1955 600 2012 suriatd
613 1964 709 2012 mente
722 1956 849 2027 ferebam

150 2057 252 2115 Ouum
260 2057 332 2114 mihi
341 2057 378 2127 se,
388 2076 445 2114 non
456 2066 522 2114 ante
532 2057 621 2114 oculis
629 2065 688 2114 tarn
696 2057 780 2127 clara,
790 2057 943 2118 videndam

148 2159 274 2228 Obtulit,
294 2169 323 2215 et
335 2159 407 2234 puri
419 2177 470 2234 per
482 2158 595 2216 nostem
607 2158 637 2214 in
651 2159 715 2215 luce
727 2159 845 2228 refulsit,

148 2261 236 2318 Alma
246 2279 356 2337 parens,
376 2259 499 2316 consessa
512 2260 604 2328 deam,
625 2260 773 2336 qualisque
784 2262 876 2320 videri

149 2363 294 2422 Coelicolis
307 2374 337 2419 et
350 2371 457 2438 quanta
470 2362 552 2432 solet3
575 2362 732 2438 dextrique
744 2363 916 2438 prehensum

149 2464 311 2534 Continuit‚
332 2463 467 2538 roseoque
480 2464 541 2521 haee
553 2462 667 2540 iusuper
680 2464 790 2522 addidit
802 2483 868 2522 ore:

147 2568 235 2636 Nate,
253 2565 317 2642 quis
330 2565 482 2622 indomitas
496 2573 592 2622 tantus
604 2565 684 2622 dolor
701 2565 808 2624 excitat
819 2567 889 2624 iras?

149 2669 230 2726 Quid
243 2668 331 2726 suris?
348 2675 403 2737 ‚aut
414 2685 539 2742 quonam
551 2666 637 2726 nostri
650 2666 703 2724 tibi
716 2685 783 2725 cura
796 2667 922 2734 receffit?

148 2771 218 2828 Nou
232 2770 309 2845 prius
322 2767 467 2844 adspicies,
487 2767 547 2838 ubi,
567 2767 669 2825 sessum
682 2775 775 2836 aetate,
794 2777 943 2844 parentem

925 1931 937 1966 1

149 2870 278 2946 Liqueris
291 2869 454 2926 Anchisen?
475 2868 588 2944 superet
600 2867 763 2944 conjunxne
774 2869 889 2941 Creusa,
930 2883 933 2888 ·
1040 2853 1043 2862 ’

148 2973 344 3048 Ascaniusque
357 2975 441 3049 puer?
463 2989 535 3046 quos
551 2971 644 3030 omnis
657 2971 785 3048 undique
798 2973 891 3030 Graiae
918 3015 922 3020 -

149 3076 266 3134 Circum
278 3074 473 3147 errant-aciem
493 3082 532 3144 et,
552 3072 583 3140 oi
596 3090 659 3138 mea
670 3073 868 3144 curaresrstat,
882 3110 884 3120 ι
