2194 3584
183 229 221 300 74'
414 233 751 301 Guonclcom
869 239 975 293 nese.

184 385 238 442 Sed
252 385 341 444 trudit
353 406 489 464 gemmas,
509 398 539 448 et
551 389 660 448 frondis
673 387 797 466 explicat
808 383 910 445 onmis.

223 487 292 544 Non
306 489 375 548 alios
387 490 479 567 primi
492 491 641 550 crescentis
653 490 765 568 origine
776 487 879 547 muudi

185 589 322 647 Inluxiffe
334 590 403 662 dies,
422 592 546 651 alitunve
558 591 684 657 habuiffe
700 602 828 654 tenorem

185 691 382 750 Crediderim:
407 713 458 752 ver
469 694 542 757 illud
554 704 615 753 erat
619 720 629 767 3
650 713 700 754 ver
712 712 833 770 magnus
845 693 949 770 agebat
967 733 971 740 .

184 791 281 862 Orbis,
301 804 331 852 et
343 795 470 854 hibemis
482 799 634 874 parcebant
646 795 761 854 flatibus
773 795 859 852 Euri:

185 897 286 954 Quum
299 897 398 974 primae
410 899 504 957 lucem
516 901 637 976 pecudes
649 899 774 967 hausere,
792 897 942 973 virbmque
965 947 968 953 .

184 999 285 1058 Ferrea
297 1001 445 1078 progenies
458 1001 535 1058 duris
547 1013 632 1077 caput
644 1000 749 1058 extulit
761 999 844 1069 arvis,

183 1101 363 1178 Inmiffaeque
375 1104 442 1160 ferae
455 1103 539 1174 divis,
559 1114 590 1160 et
602 1103 689 1160 fidera
701 1102 784 1160 coelo.

182 1203 216 1261 N
216 1223 248 1261 ec
260 1223 304 1262 res
316 1205 394 1262 hunc
407 1214 511 1264 tenerae
523 1205 633 1283 poffent
645 1203 769 1282 perferre
781 1203 915 1272 laborem,
971 1213 972 1220 ’

184 1304 214 1362 Si
227 1323 285 1362 non
296 1316 377 1374 tanta
391 1307 470 1383 quies
482 1306 538 1365 iret
550 1307 697 1384 frigusque
710 1305 890 1380 caloremque

182 1406 270 1476 Inter,
290 1418 321 1466 et
333 1409 476 1485 exciperet
488 1408 553 1466 eseli
567 1407 746 1484 indulgentia
761 1416 857 1465 terres.

221 1508 311 1567 Quod
323 1508 453 1586 superest,
466 1529 652 1586 quaecumque
664 1527 777 1586 premes
787 1508 911 1585 virgulta
923 1529 975 1588 per

296 1629 387 1686 agros,

181 1712 285 1788 Sparge
298 1712 367 1770 fimo
380 1713 491 1791 pingui,
505 1713 640 1772 etmulti
652 1731 762 1771 memor
773 1714 871 1771 occule
882 1712 971 1786 terrd3
992 1785 994 1790 Ι

180 1811 385 1889 Autiapidem
398 1814 540 1885 bibulum,
560 1825 612 1873 aut
629 1814 781 1892 squalentis
793 1814 892 1873 infode
905 1833 973 1873 eon·

257 1914 324 1972 chas
330 1940 339 1986 3

180 2016 260 2074 Inter
272 2015 350 2074 enirn
363 2017 597 2095 labenturaquae,
617 2018 767 2095 tenuisque
780 2017 888 2077 subibit
899 2057 909 2062 ·-

179 2117 305 2189 Halitus,
317 2128 403 2194 atque
412 2119 521 2177 animos
531 2120 632 2178 tollent
643 2120 711 2180 sata.
727 2121 848 2197 Jamque
858 2120 983 2198 reperti·

181 2219 243 2278 Qui
257 2219 324 2277 saxo
336 2221 428 2297 super,
448 2231 534 2297 atque
547 2221 674 2298 ingentis
685 2224 810 2298 pondere
824 2223 910 2294 testae,
929 2289 932 2293 ,

180 2319 357 2396 Urguerent:
379 2322 434 2380 hoc
447 2323 549 2380 effusos
562 2323 712 2380 munimen
724 2326 760 2382 ad
773 2324 886 2396 imbris3

178 2421 253 2492 Hoc,
273 2421 325 2480 ubi
337 2422 433 2482 hiulca
446 2423 491 2482 fiti
504 2423 590 2481 findit
601 2424 679 2482 canis
691 2424 794 2482 aestifer
806 2445 882 2484 arva.
901 2491 904 2496 ,

218 2522 379 2582 Seminibus
392 2525 498 2602 positis,
518 2524 640 2602 superest
652 2526 792 2582 deducere
805 2536 910 2586 terram
927 2574 936 2596 ,-

178 2623 285 2701 Saepius
297 2627 334 2683 ad
346 2625 450 2702 capita,
469 2636 499 2684 et
511 2628 594 2684 duros
601 2625 708 2703 jadiare
721 2626 844 2686 bidentis
851 2653 860 2699 ς

177 2729 241 2787 Aut
253 2729 342 2806 press'o
355 2748 487 2788 exercere
500 2729 592 2786 solum
604 2729 656 2787 sub
668 2747 790 2799 vomere,
811 2739 841 2788 et
853 2730 916 2809 ipss
927 2778 932 2789 ,
1006 2745 1008 2754 ⁴

177 2830 303 2888 medere
315 2830 448 2890 ludentis
460 2831 536 2888 inter
547 2830 642 2888 vineta
651 2829 796 2906 juvencos.

178 2930 256 2992 Tum
268 2931 338 2990 levis
351 2933 481 3002 calamos,
501 2942 529 2990 et
543 2931 611 2990 rasae
622 2931 732 2990 hastilia
745 2933 842 3010 virgae,

179 3033 495 3111 Fraxineasqueaptare
508 3033 598 3104 sudes,
618 3034 767 3109 furcasque
777 3034 902 3106 bicomis
908 3061 918 3110 3
967 3065 969 3072 v

180 3134 297 3195 Viribus
310 3136 381 3196 eniti
394 3155 522 3212 quarum,
542 3145 573 3194 et
589 3144 770 3196 contemnere
782 3147 882 3198 ventos
965 3190 969 3198 .
