2194 3584
140 219 252 288 v,259.-
446 212 498 270 LI
512 209 544 270 B.
584 209 640 268 ΙΙΙ.
702 228 709 262 =.
906 216 945 296 pa

142 367 242 425 Durus
256 369 351 426 amor?
374 367 498 443 Nempe,
511 365 638 444 abruptis
652 367 764 424 turbata
778 364 917 441 procellis,

144 471 239 530 Noae
250 479 332 530 natat
343 472 419 530 caeca
431 471 507 530 serus
517 471 590 528 freta
597 493 606 541 3
628 489 715 547 quem
728 468 811 546 super
823 469 925 545 ingens
940 501 943 541 ς

144 575 228 641 Porta
241 583 323 632 tonat
336 575 411 643 coeli,
431 583 460 632 et
474 573 596 650 scopulis
609 572 692 630 inlisa
705 572 863 632 reclamant

143 678 275 755 AEquora
282 703 291 750 3
314 697 368 738 nec
380 677 476 736 miseri
489 655 747 754 puisunt‘revocare
760 683 901 753 parentes,
939 717 941 722 -

143 781 210 840 Nec
223 783 360 840 moritura
373 781 457 858 super
470 780 580 840 crudeli
591 779 694 838 sunere
707 779 798 857 virgo.

145 885 228 944 Quid
240 886 339 964 lynces
350 885 454 944 Bacchi
468 883 562 954 variae,
576 892 607 942 et
619 903 710 960 genus
724 903 787 942 acre
801 883 945 961 luporum,

143 991 244 1064 Atque
252 997 375 1047 canum?
389 988 470 1065 quid,
479 987 670 1063 quaeinbelles
679 988 749 1046 dant
759 987 859 1064 proelia
869 987 944 1046 cervi

143 1092 276 1152 Scilicet?
298 1101 365 1150 ante
377 1091 471 1150 omnis
484 1091 565 1150 furor
578 1091 618 1148 est
630 1090 749 1168 insignis
761 1109 899 1166 equarum
903 1115 913 1162 3

143 1197 183 1254 Et
193 1207 322 1254 mentem
335 1198 435 1254 Venus
447 1195 506 1272 ipsa
519 1195 608 1262 dedit,
628 1213 686 1270 quo
700 1204 827 1272 tempore
840 1193 944 1252 Glauci
1036 1253 1037 1256 ,

143 1300 295 1370 Potniades
308 1301 390 1358 malis
404 1300 531 1357 membra
545 1297 704 1356 absumsere
717 1298 874 1374 quadrigae.

142 1403 211 1462 Illas
223 1403 305 1461 ducit
317 1422 396 1461 amor
410 1411 486 1460 trans
499 1403 636 1478 Gargara,
649 1411 784 1477 transque
796 1400 951 1460 sonantem

144 1506 303 1564 Ascanium
308 1531 316 1578 3
338 1506 472 1591 superant
486 1505 602 1575 montis,
616 1515 646 1564 et
658 1505 780 1576 flumina
793 1514 916 1564 tranant.
941 1569 944 1575 Δ

145 1609 358 1685 Continuoque,
372 1609 463 1667 avidis
476 1609 528 1668 ubi
542 1608 655 1668 subdita
669 1609 786 1668 flamtna
799 1608 954 1680 medullis,

144 1713 219 1771 Vere
232 1713 334 1790 magis,
356 1713 424 1788 quia
437 1731 504 1772 vere
518 1712 596 1771 calor
608 1712 683 1770 redit
696 1697 809 1783 offihus,
824 1713 892 1782 illae,

144 1817 204 1874 Ore
217 1834 314 1874 omnes
324 1816 413 1874 versas
423 1816 455 1873 in
469 1816 644 1894 Zephyrum,
659 1816 732 1874 stant
742 1817 860 1893 rupibus
870 1816 943 1897 altis,

144 1921 364 1997 Exceptantque
374 1919 444 1978 levis
457 1939 552 1978 auras:
575 1929 605 1978 et
619 1919 690 1996 saepe
704 1920 762 1978 fine
774 1919 850 1978 ullis

144 2023 304 2101 Conjugiis,
324 2035 410 2083 vento
423 2024 557 2100 gravidae,
576 2024 708 2082 mirabile
721 2025 812 2082 diuu!

144 2129 215 2186 Saxa
229 2146 288 2204 per,
309 2137 339 2206 et
352 2128 489 2204 scopulos,
510 2137 541 2184 et
554 2127 692 2204 depretias
704 2127 842 2186 convallis

143 2231 313 2311 Diffugiunt
320 2255 328 2302 3
343 2249 413 2300 non,
425 2232 509 2301 Eure,
523 2241 596 2300 tuos,
609 2251 704 2307 neque
718 2231 789 2290 Solis
801 2231 838 2290 ad
848 2240 950 2304 ortus5³
978 2257 981 2262 Δ

143 2337 178 2392 ln
190 2337 297 2394 Borean
306 2336 501 2411 Caurumque,
512 2345 563 2394 aut
572 2337 649 2392 unde
660 2335 832 2412 nigerrimus
840 2335 944 2394 Auster

143 2439 289 2508 Nascitur,
308 2448 339 2496 et
351 2439 450 2514 pluvio
463 2439 609 2498 contristat
622 2439 728 2516 frigore
741 2440 857 2500 coelum.
924 2505 926 2510 ¹

144 2543 202 2600 Hic
215 2543 340 2612 demum,
352 2541 538 2618 hippomanes
547 2561 615 2602 vero
627 2545 702 2618 quod
714 2543 832 2602 nornine
842 2543 943 2603 dicunt

41 2651 43 2655 ’
143 2646 275 2713 Patimur,
293 2649 408 2704 lentum
421 2645 543 2704 destillat
557 2649 593 2704 ab
606 2647 726 2723 inguine
738 2648 830 2718 virus,
917 2697 920 2704 .

143 2749 351 2827 Hippomanes,
372 2750 449 2824 quod
462 2749 534 2826 saepe
547 2750 630 2808 malae
644 2751 739 2827 legere
752 2770 896 2820 novercae,
934 2817 935 2822 η

143 2852 381 2928 Miscueruntque
394 2852 495 2911 herbas
508 2863 537 2912 et
550 2871 608 2912 non
622 2853 740 2920 innoxia
754 2856 849 2912 rerba.

182 2957 237 3014 Sed
250 2957 327 3034 sugit
340 2958 458 3026 interea,
478 2957 557 3034 fugit
569 2957 757 3036 inreparabile
771 2969 892 3036 tempus,
936 2993 939 3018 r

145 3059 261 3137 Singula
274 3062 345 3119 dum
357 3061 432 3137 capti
446 3061 700 3120 circumvedtamur
712 3079 816 3120 amore.

183 3166 247 3223 Hoc
261 3164 325 3226 satis
338 3164 483 3246 armentis.
524 3167 643 3248 Superat
656 3183 718 3242 pars
732 3164 819 3230 altera
833 3181 916 3235 cura,
933 3229 938 3238 ⁴
