2236 3584
169 219 228 274 uo
471 215 667 276 CULEX.
861 219 968 278 ν.350.,

169 370 315 430 Conruere
327 377 358 428 et
370 354 418 430 Sol
430 370 500 450 ipse,
519 381 550 430 et
562 373 650 430 fidem
662 369 766 428 cunita
778 367 940 440 minantum

167 473 215 530 Ac
228 471 351 532 venitin
365 483 452 532 terras
465 474 531 533 coeli
543 474 650 552 fragor.
690 473 758 542 Hic,
773 473 859 529 modo
871 471 947 540 laeta,

168 574 261 653 Copia
275 594 353 635 nunc
365 575 473 634 miseris
486 577 681 634 circumdatur
693 575 778 633 anxia
791 573 868 640 fatis,

167 677 382 755 Inmoriturque
394 679 478 756 super
489 679 603 750 flubius,
623 687 654 736 et
666 679 732 736 saxa
746 675 898 754 capharei,

166 777 309 838 Euboicas
321 790 350 836 et
362 799 413 858 per
425 791 533 849 cautes,
553 755 717 858 AEgmque
729 780 787 838 late
991 863 995 874 Ι

166 881 279 940 Litora:
301 901 368 940 cum
382 883 817 960 Phrygiaepaffimvagapraeda
829 889 965 959 peremta
1112 897 1113 902 ’

48 1025 53 1034 .
166 983 299 1042 Fluuuat
311 983 404 1042 omnis
415 985 447 1043 in
459 1004 590 1061 aequoreo
598 984 661 1062 jam
673 985 813 1062 naufraga
823 984 924 1043 trouu.
1113 1022 1114 1096 1

204 1085 263 1144 Hic
275 1086 326 1145 alii
338 1086 443 1157 fidunt,
462 1087 566 1164 pariles
577 1086 693 1146 virtutis
706 1087 824 1155 honore,

165 1187 283 1258 Herois,
303 1188 462 1265 mediisque
475 1188 520 1247 sni
533 1189 600 1248 suut
612 1188 725 1248 sedibus
737 1207 851 1260 omnem

164 1290 270 1350 Omnis
283 1293 374 1350 Roma
387 1285 473 1350 decus
486 1291 586 1369 magni
599 1311 670 1368 quos
683 1291 801 1368 suscipit
811 1292 897 1351 orbiu.

164 1393 224 1452 Hic
238 1393 328 1463 Fabii,
342 1394 499 1470 Deciique;
520 1394 570 1454 bic
581 1395 622 1452 est
633 1404 664 1452 et
676 1395 798 1453 Horatia
810 1393 914 1466 virtus3

163 1494 224 1556 Hic
236 1503 266 1554 et
278 1496 356 1563 fama
369 1507 452 1554 vetuo
465 1515 624 1574 numquam
637 1479 774 1556 moritura
787 1496 907 1556 Camilli
911 1521 921 1568 3

164 1598 281 1657 Curtius
294 1607 332 1670 et,
351 1599 454 1672 mediis
467 1619 555 1676 quem
568 1600 713 1676 quondam
726 1599 839 1658 sedibus
851 1599 931 1658 urbis

162 1700 307 1761 Devotum
322 1698 406 1760 tellus
419 1701 574 1760 confumfit
587 1702 707 1779 gurgitis
719 1701 836 1760 haustu:

162 1803 280 1863 Mucius
293 1813 323 1862 et
335 1805 459 1882 prudens
471 1805 602 1862 ardorem
613 1823 729 1881 corpore
741 1803 835 1880 passus

161 1907 317 1984 legitime,
337 1907 416 1966 oeffit
428 1907 474 1966 cui
488 1907 577 1992 frabia
589 1906 719 1984 potentia
732 1906 830 1983 Regis.

161 2009 221 2068 Hic
233 2009 347 2079 Curius,
366 2010 450 2068 clarae
463 2008 555 2068 socius
568 2008 692 2080 virtutis,
712 2017 742 2066 et
753 2007 804 2066 ille

161 2111 329 2182 Flaminius,
348 2114 449 2172 devota
462 2112 542 2170 dedit
554 2111 604 2187 qui
617 2129 734 2188 corpora
746 2110 842 2171 famae.

160 2215 231 2293 Jure
243 2215 334 2291 igitur
345 2215 410 2273 talis
420 2214 498 2274 sedes
510 2213 625 2291 pietatis
638 2214 769 2272 honorat.

158 2314 225 2376 Illic
238 2317 433 2395 Scipiadaeque
446 2319 545 2389 ducem
567 2317 669 2376 devota
682 2315 836 2393 triumphis

155 2419 272 2481 -Moenia
285 2439 356 2496 quos
368 2419 480 2496 rapidos
493 2419 610 2496 Libycae
622 2419 806 2496 Carthaginis
817 2419 945 2480 horrent.

198 2523 247 2582 nli
260 2522 345 2582 laude
357 2522 407 2580 sui
419 2521 551 2598 vigeant3
571 2539 627 2598 ego
640 2521 719 2580 Ditis
732 2540 834 2599 opacos

157 2627 257 2704 Cogor
268 2625 347 2684 adire
359 2625 446 2693 lacus,
459 2624 560 2683 viduos
573 2624 714 2683 alumine
727 2624 825 2683 Phoebi
831 2649 841 2696 ;

159 2731 198 2788 Et
205 2728 314 2788 vastum
323 2727 530 2804 Phlegethonta
539 2725 613 2803 pati:
635 2743 703 2802 quo,
713 2727 841 2786 maxime
849 2725 959 2798 Minora

160 2831 358 2892 conscelerata
370 2829 419 2907 pia
430 2825 566 2886 discernis
580 2829 690 2905 fingula
704 2829 779 2888 sede.

160 2935 237 3010 Ergo
246 2933 307 3011 jam
319 2931 443 2990 cauffam
455 2932 562 3000 mortis,
579 2930 640 3008 jam
653 2931 748 2990 dicere
761 2932 839 3002 vitae„

159 3036 333 3094 Verberibus
346 3034 419 3094 saevo
432 3043 540 3112 cogunt
554 3036 590 3092 ab
599 3032 698 3111 judice
711 3035 804 3092 Poenae
811 3059 821 3107 3

160 3139 238 3200 eum
249 3137 322 3198 mihi
335 3147 369 3196 tu
381 3139 415 3197 fis
428 3135 520 3198 cauffo
532 3136 611 3209 mali,
625 3155 678 3196 uec
690 3136 819 3198 conscius
832 3137 912 3208 adin,
953 3173 958 3185 ·
