2208 3574
159 199 186 244 u.
199 179 267 252 627.
464 185 561 244 LIB.
601 183 641 243 Il.
894 191 952 255 239

157 335 270 404 Quum,
293 336 368 397 ferro
388 337 511 397 adcisam
526 337 685 414 crebrisque
702 335 884 413 bipennibus,
905 336 950 396 in·

234 438 308 496 stant

158 541 264 600 Emere
276 541 408 616 agricolae
421 541 560 611 certatim,
580 539 629 600 illa
642 559 730 615 usque
743 541 877 610 minatur,

159 641 205 711 Et,
227 642 390 700 tremefadta
402 661 513 700 comam
526 641 657 700 concusso
669 643 784 711 vertiae,
803 651 887 700 nutat

158 742 342 814 Volneribus;
365 745 455 802 donec
467 743 615 820 paullatim
627 743 718 802 evidta
730 743 894 820 supremum

160 845 343 920 Cougemuit,
364 847 507 921 traxitque
516 845 594 921 jugis
606 845 697 902 avolsa
710 845 832 906 ruinam.

159 946 317 1015 Descendo,
327 966 368 1015 ac,
380 947 502 1005 ducente
511 948 572 1014 deo,
585 947 731 1004 flammam
742 949 816 1005 iuter
825 957 854 1006 et
864 949 948 1008 hostis

160 1047 317 1124 Expediet,
339 1050 407 1106 dant
421 1050 476 1106 tela
489 1049 594 1116 locum,
611 1045 791 1125 flammaeque
802 1051 946 1110 recedunt.

197 1149 949 1228 Atque,ubijampatriaeperrentu1nadliminasedis,

159 1252 359 1328 Antiquasque
370 1254 479 1325 domos3
492 1251 612 1328 genitor,
626 1271 712 1327 quern
724 1253 822 1310 tollere
833 1255 864 1314 iu
877 1256 948 1314 altos

159 1355 303 1430 Optabam
316 1356 441 1431 primum
452 1355 566 1421 montis,
584 1355 766 1430 primumque
778 1358 919 1432 petebam,

159 1457 294 1532 Abnegat
306 1456 399 1514 excita
411 1455 499 1516 vitam
511 1456 666 1532 producere
677 1455 771 1533 Trojd,

159 1557 354 1633 Exsiliumque
367 1555 435 1637 pati.
466 1559 525 1616 Vos
538 1557 569 1614 ol
591 1557 693 1633 quibus
705 1559 818 1635 integer
829 1561 882 1618 aevi

160 1660 287 1736 Sanguis,
308 1661 357 1728 alt,
377 1660 528 1736 solidaeque
538 1660 588 1717 suo
601 1659 672 1717 stant
686 1663 785 1718 robore
797 1662 878 1733 vires,

158 1763 216 1820 Vos
229 1763 336 1838 agitate
347 1762 465 1838 sugam:

159 1867 211 1924 Me
224 1867 245 1924 fi
258 1865 392 1924 ooelicolae
404 1864 552 1923 voluiffent
564 1865 667 1924 ducere
679 1865 776 1934 vitam,

159 1969 221 2036 Has
234 1965 306 2028 mihi
319 1966 469 2024 servassent
481 1965 567 2024 sedes.
608 1966 678 2024 Satis
691 1986 758 2035 una,
778 1966 923 2044 superque,

159 2068 293 2130 Vidimus
306 2068 427 2137 excidia,
445 2076 478 2126 et
490 2076 581 2144 captae
593 2066 784 2144 superavimus
797 2071 871 2130 urbi.

160 2169 206 2232 sia
217 2171 249 2228 ol
271 2171 308 2228 fic
321 2169 441 2246 positum
455 2169 545 2227 adfati
557 2168 693 2228 discedite
704 2187 813 2246 corpus.
853 2233 856 2240 Δ

160 2271 223 2348 Ipse
235 2291 323 2330 manu
336 2279 458 2328 mortem
469 2270 623 2328 inveniam.
658 2270 845 2330 Miserebitur
854 2272 950 2343 hostis,

159 2374 340 2449 Exuviasque
352 2382 439 2450 petet.
479 2371 697 2448 Facilisjadtura
710 2372 839 2448 sepulcri.

159 2476 225 2552 Jam
237 2473 348 2551 pridem
360 2473 464 2532 invisus
478 2473 558 2540 divis,
578 2481 608 2530 et
621 2473 739 2542 inutilis,
759 2493 846 2534 annos

113 2623 116 2629 t
160 2577 315 2648 Demoror;
329 2595 365 2634 ex
375 2594 432 2652 quo
442 2593 488 2632 me
498 2574 594 2633 divom
605 2585 694 2650 pater,
704 2583 790 2650 atque
799 2575 949 2635 bominum

177 2735 179 2738 .
237 2697 297 2747 rex,

160 2778 299 2836 Fulminis
312 2778 429 2840 adflavit
441 2777 542 2845 ventis,
562 2785 592 2834 et
604 2777 726 2853 contigit
737 2778 810 2854 igni.

159 2879 241 2938 Talia
254 2880 392 2956 perstabat
405 2897 572 2948 memorans,
591 2879 721 2953 fixusque
733 2882 878 2938 manebat:

160 2979 222 3050 Nos
235 2992 341 3050 canna,
360 2981 441 3040 affufi
454 2980 586 3048 lacrimis,
606 2978 786 3056 coujuuxque
795 2981 910 3050 Craiisa,

161 3081 366 3158 Ascaniusque,
383 3081 532 3155 omnisque
544 3082 656 3150 domus,
667 3098 704 3141 ne
715 3091 823 3140 vertere
836 3083 930 3144 sectura
