2236 3584
268 585 298 642 r.
327 581 547 642 vraernrr
580 539 810 642 Manours

335 767 734 848 MORETUM.

401 1069 681 1110 *ss-

80 1359 83 1364 ¹
143 1361 169 1444 J
172 1396 215 1434 ru
229 1395 286 1434 nox
299 1374 429 1434 hibernas
441 1373 486 1432 bie
498 1374 625 1450 quinque
638 1387 785 1454 peregerat
797 1378 888 1446 horae,

143 1481 355 1556 Excubitorque
368 1481 445 1540 diem
458 1493 544 1540 cantu
556 1483 725 1559 praedixerat
737 1482 806 1542 ales:

144 1584 268 1642 Simulus
281 1583 379 1660 exigui
392 1585 486 1641 cultor
498 1604 589 1660 quum
602 1586 718 1642 rusticus
731 1584 802 1662 agri,

142 1686 245 1744 Tristia
259 1696 386 1744 venturae
399 1696 528 1744 metuens
536 1685 644 1764 jejunia
657 1687 737 1754 lucis,

143 1791 276 1848 Membra
289 1790 374 1859 levat,
395 1788 496 1846 senfim
509 1789 561 1848 vili
573 1788 689 1847 demiffa
702 1790 834 1866 grabato3

144 1893 328 1968 sollicitaque
341 1912 429 1952 manu
442 1895 572 1950 tenebras
584 1891 713 1968 explorat
726 1891 841 1960 inertes,

143 1996 454 2072 Vestigatque¹focum5
475 1995 556 2052 laesus
568 2014 654 2070 quem
669 1995 793 2071 denique
806 1994 899 2052 sentit.

184 2100 318 2157 Paruulus
331 2099 428 2156 exusto
440 2100 604 2156 remanebat
617 2097 711 2174 stipite
721 2097 824 2166 fomes,

143 2203 181 2262 Et
194 2202 266 2260 cinis
279 2202 406 2260 obdudae
420 2203 530 2260 celabat
543 2200 654 2258 lumina
666 2219 774 2278 prunae.
888 2213 890 2218 ’

143 2307 288 2364 Admovet
301 2305 325 2364 is
337 2324 465 2383 pronam,
479 2302 618 2362 fubmiffai
630 2304 734 2374 fronte,
754 2305 907 2371 lucernam,

142 2409 180 2466 Et
192 2409 325 2486 producit
337 2428 391 2466 acu
403 2409 504 2484 stupas,
524 2407 644 2466 humore
658 2419 799 2480 carentes;

141 2512 256 2570 Excitat
270 2521 299 2569 et
311 2512 416 2570 crebris
428 2512 614 2588 languentem
626 2511 742 2569 flatibus
754 2511 862 2588 ignem.

141 2616 275 2673 Tandem
288 2625 426 2692 concepto
440 2617 564 2672 tenebrae
576 2615 689 2692 fulgore
703 2616 851 2686 recedunt;

141 2717 335 2796 Opposrtdque
348 2738 437 2776 manu
449 2719 547 2776 lumen
561 2718 690 2776 defendit
703 2720 739 2776 ab
754 2719 830 2785 aura,

142 2821 180 2878 Et
193 2821 296 2878 reserat
308 2821 412 2890 clausa,
432 2841 495 2898 quae
508 2821 655 2898 praevidet,
676 2822 744 2879 ostia
758 2821 840 2878 elavi.

183 2923 270 2982 Fusus
283 2934 344 2982 erat
357 2926 431 2982 terra
444 2923 581 2984 frumenti
593 2945 702 3002 pauper
714 2944 842 2993 acervus;

141 3027 222 3086 Hinc
236 3028 288 3086 fibi
301 3029 450 3105 depromit,
462 3044 611 3106 ,quantum
624 3028 754 3086 mensura
768 3029 894 3106 patebat,

144 3130 221 3188 Quae
234 3131 320 3192 bisin
333 3133 445 3193 ottones
459 3133 584 3192 excurrit
598 3133 721 3210 pondere
733 3131 827 3190 libras.
