2194 3584
199 223 238 284 ao
443 221 741 295 nuconroA,
885 235 991 312 aaa

138 384 139 388 ’
198 379 278 440 Hinc
286 381 456 440 adeomedia
464 383 503 440 est
513 382 661 453 nobisvia;
676 399 799 456 namque
809 379 970 457 sepulcrum

197 470 305 560 Incipit
316 485 447 561 adparere
460 483 601 544 Bianoris:
623 483 680 552 hic,
700 483 750 541 ubi
763 483 861 540 densas

197 585 340 661 Agricolae
352 586 494 662 stringunt
506 587 628 656 frondes,
641 585 698 654 hic,
711 585 807 654 Moeri,
821 603 967 656 canamus,

196 689 256 746 Hic
268 688 363 746 haedos
376 689 498 765 depone;
519 699 615 745 tamen
627 687 773 745 veniemus
788 687 820 744 in
833 681 948 744 u'rbcm‘:

196 792 266 858 Aut,
280 791 311 858 fi,
326 809 383 848 nox
395 790 521 867 pluviam
535 807 571 846 ne
583 788 709 865 conligat
722 797 797 856 ante,
811 807 949 857 veremur,

196 893 351 949 Cantantes
365 883 432 948 licet
444 890 532 966 usque
547 890 655 968 (minus
666 891 713 948 via
726 891 822 964 radat)
837 909 947 950 eamus:

196 995 351 1052 Cantantes
364 1002 397 1050 ut
409 1011 515 1062 eamus,
528 971 648 1068 egohoc
660 1001 689 1049 te
702 989 777 1050 fasce
788 993 897 1051 levabo.

533 1113 649 1152 namura.

195 1197 300 1256 Desme
312 1197 401 1272 plura,
414 1215 484 1272 puer
488 1220 497 1267 3
517 1203 555 1262 et,
569 1195 736 1270 quodnunc
748 1195 842 1265 instat,
856 1215 985 1272 agamus:

170 1299 171 1304 ’
194 1299 327 1358 Carmina
342 1307 404 1356 tum
416 1298 529 1376 melius,
540 1315 630 1372 quum
640 1297 750 1356 venerit
761 1298 829 1374 ipse,
842 1318 984 1358 canemus.

385 1623 387 1630 '
441 1618 665 1718 iiCLOGA
697 1619 734 1678 X.

494 1820 681 1872 GALLUS.

192 2013 370 2071 Exn-nuncu
381 2014 467 2084 hunc,
476 2015 626 2086 Arethusa,
637 2015 710 2074 mihi
718 2015 841 2073 concede
850 2014 985 2072 laborem.

191 2116 283 2174 Pauca
295 2135 360 2173 meo
372 2117 465 2188 Gallo,
484 2117 532 2174 sed
545 2137 608 2192 quae
621 2119 698 2194 legat
711 2116 770 2194 ipsa
784 2116 909 2193 Lycoris,

190 2217 326 2276 Carmina
339 2219 405 2274 sunt
416 2219 550 2276 dicenda:
574 2228 660 2294 neget
673 2219 737 2294 quis
747 2217 873 2276 carmina
884 2217 984 2275 Gallo?

190 2317 237 2375 Sic
250 2317 313 2386 tibi,
333 2339 423 2394 quum
435 2321 538 2377 fluctus
550 2321 737 2378 subterlabere
750 2320 872 2388 Sicanos,
933 2347 934 2353 ¹

189 2418 274 2477 Doris
288 2439 380 2477 amara
393 2421 472 2478 suam
485 2441 543 2478 non
556 2422 748 2479 intermisceat
756 2423 873 2479 undam.

188 2520 302 2598 Incipe:
324 2502 456 2580 sollicitos
468 2523 544 2580 Galli
557 2523 683 2581 dicamus
696 2541 813 2591 amores,

189 2623 270 2680 Dum
283 2631 379 2681 tenera
391 2625 545 2683 adtondent
559 2625 636 2682 firnae
647 2625 772 2701 virgulta
785 2619 906 2701 capellae.

189 2724 259 2782 Non
272 2725 399 2783 canimus
413 2726 515 2786 surdis:
537 2728 705 2804 respondent
718 2728 813 2784 omnia
827 2728 910 2785 salvae.

229 2828 305 2885 Ouae
318 2847 443 2898 nemora,
457 2838 507 2886 aut
519 2829 569 2904 qui
581 2850 629 2888 vos
640 2829 727 2886 'saltus
740 2829 873 2898 habuere,
883 2829 985 2906 puellae

188 2929 307 2998 Naides,
319 2930 448 3007 indigno
461 2951 551 3007 quum
563 2933 662 2990 Gallus
676 2951 770 2990 amore
782 2933 910 3009 periret?

188 3027 269 3088 Nam
281 3050 374 3108 neque
387 3034 497 3091 Pamasr
507 3033 588 3092 vobis
595 3033 675 3110 juga,
690 3054 757 3092 nam
770 3053 862 3111 neque
875 3035 958 3093 Pindi

114 3207 116 3212 ,
188 3131 258 3191 Ulla
271 3151 379 3194 moram
391 3136 494 3208 fecere,
514 3155 607 3212 neque
620 3137 715 3196 Aonie
728 3137 890 3223 Aganippe.

269 3514 373 3552 A
