2194 3584
173 235 212 302 7⁰
403 221 729 297 osonoreou,
826 231 963 303 ηπ.

173 385 274 443 Altera
288 381 437 442 frumentis
450 383 587 458 quoniam
600 384 688 453 favet,
709 382 797 440 altera
810 381 921 439 Baccho
928 405 937 452 3

175 485 271 544 Densa
285 485 375 562 magis
388 485 495 555 Cereri,
515 485 649 544 rariffima
662 503 781 561 quaeque
795 486 899 560 Lyae05

174 590 254 647 Ante
267 589 363 647 locum
376 587 470 664 capies
483 589 581 659 oculis,
601 589 716 664 alteque
725 585 838 663 jubebis
857 625 859 632 ι
937 637 940 646 .

173 691 209 749 In
222 690 311 749 solido
322 700 442 766 puteum
454 691 577 759 demitti,
598 707 770 765 omnemque
783 707 901 764 repones

173 795 278 852 Rursus
294 794 425 864 humum,
445 793 606 869 etpedibus
623 793 746 849 summas
763 791 888 867 aequabis
906 809 967 850 are·

251 915 311 954 nas.

174 998 204 1056 si
218 999 347 1067 deerunt,
368 1016 471 1067 rarum,
491 998 641 1080 pecorique
654 1007 684 1055 et
696 997 802 1055 vitibus
815 996 896 1055 almis

173 1101 289 1179 Aptius,
308 1103 381 1158 uber
392 1101 462 1158 erit:
484 1101 525 1158 sm
538 1101 568 1158 in
583 1100 631 1158 sua
643 1101 720 1177 posse
732 1103 880 1176 negabunt
978 1144 981 1148 .

173 1205 220 1262 Ire
232 1205 303 1274 loca,
324 1212 354 1261 et
366 1203 509 1261 scrobibus
522 1203 664 1280 superabit
677 1212 750 1260 terra
764 1202 888 1279 repletis,

174 1306 278 1384 Spiffus
292 1325 373 1383 ager,
396 1307 493 1382 glebas
506 1305 662 1364 constantis
676 1305 817 1381 crassaque
829 1315 909 1382 terga

174 1408 320 1485 Exspesla,
342 1418 371 1466 et
382 1407 481 1466 validis
496 1417 599 1466 terram
611 1407 758 1485 proscinde
766 1403 906 1484 juvencis.

213 1511 288 1568 Salso
301 1519 398 1568 autem
412 1511 503 1582 tellus,
524 1521 553 1568 et
566 1530 629 1586 quae
642 1509 807 1586 perhibetur
819 1529 923 1580 amara,

174 1613 314 1690 Frugibus
326 1613 439 1684 infelix,
455 1616 501 1690 (oa
515 1633 567 1671 nec
580 1613 749 1672 mansuescit
761 1614 875 1683 arando,

173 1717 239 1800 Nec
250 1715 363 1774 Baccho
376 1735 475 1793 genus,
496 1726 545 1774 aut
558 1716 648 1794 pomis
661 1714 709 1773 sua
723 1715 838 1773 nomina
851 1714 955 1788 servat)
968 1721 971 1725 '

173 1819 245 1876 Tale
259 1819 338 1876 dabit
351 1818 506 1895 specimen:
529 1827 561 1876 tu
574 1819 656 1895 spiffo
669 1818 776 1876 vimine
789 1818 895 1894 qualos,

174 1921 473 1997 Colaque'praelorum,
487 1920 603 1979 fumosrs
616 1920 712 1997 deripe
726 1920 822 1990 testim

174 2025 242 2082 Huc
255 2041 322 2100 ager
334 2023 383 2080 ille
396 2023 495 2094 malus,
516 2024 667 2100 dulcesque
679 2043 696 2081 a
709 2023 837 2081 fontibus
851 2023 947 2094 undae,

174 2127 224 2183 Ad
238 2126 355 2202 plenum
368 2125 526 2184 calcentur:
549 2146 621 2202 aqua
634 2127 805 2184 eluslabitur
815 2127 909 2184 omnis

176 2227 300 2299 Scilicet,
321 2238 351 2286 et
364 2230 483 2305 grandes
495 2229 581 2286 ibunt
590 2248 640 2306 per
652 2229 759 2286 vimina
773 2233 876 2306 guttas,

175 2332 218 2388 At
230 2330 311 2406 sapor
323 2331 464 2389 indicium
476 2332 571 2401 saciet,
591 2331 754 2389 manifestus
768 2341 797 2388 et
811 2351 859 2388 ora

175 2432 279 2490 Tristia
293 2442 456 2504 tentantum
469 2434 550 2492 sensu
563 2435 707 2510 torquebit
719 2453 838 2492 amaror.
945 2475 947 2482 .

213 2533 330 2611 Pinguis
341 2535 413 2593 item
426 2555 490 2612 quae
503 2537 536 2593 srt
550 2538 642 2608 tellus,
661 2539 717 2595 hoc
730 2531 853 2612 denique
865 2537 963 2612 patto·
1070 2605 1074 2614 ¹

174 2635 332 2695 Disclmuse
354 2637 431 2696 haud
443 2658 580 2715 umquam
594 2640 725 2698 manibus
733 2638 838 2716 jauata
851 2638 967 2708 fatiscit,
1053 2665 1056 2668 ·

175 2741 230 2798 Sed
242 2739 314 2816 picis
327 2740 357 2797 ln
372 2760 481 2799 rnorem
493 2743 529 2800 ad
542 2743 647 2820 digitos
664 2741 794 2800 lentescit
806 2741 947 2800 habendo.

175 2842 304 2900 Humida
317 2841 435 2920 majores
447 2845 548 2904 herbas
560 2846 620 2914 alit,
639 2845 755 2921 ipsaque
764 2843 839 2920 justo
847 2881 863 2893 ·›

174 2944 297 3002 Laetiora
320 2945 357 3003 ah
370 2947 492 3006 nimium
505 2967 542 3005 ne
555 2949 589 3006 srt
601 2948 674 3008 mihi
687 2947 789 3005 fertilis
801 2947 861 3014 illa,

174 3047 207 3104 N
208 3065 244 3103 eu
257 3046 285 3104 se
297 3048 479 3124 praevalidam
492 3050 591 3127 primis
603 3050 730 3109 ostendat
743 3049 843 3108 aristis!

176 3148 252 3208 Quae
264 3149 357 3228 gravis
370 3151 418 3226 est,
438 3151 499 3230 ipso
512 3153 628 3212 tacitam
641 3153 670 3212 se
682 3141 807 3231 pondere
822 3151 916 3231 prodit
920 3176 930 3225 ς
952 3187 954 3194 ‹
