2208 3574
139 143 201 205 256
402 143 680 216 AENEIDOS‚
727 200 732 211 ,
830 149 945 214 [227.

140 301 349 380 Diripiantque
366 304 460 380 dapes,
480 305 669 379 connauque
681 299 778 360 omnia
790 299 901 358 foedant

141 405 300 462 Inmundo:
324 415 388 464 tum
400 425 457 464 vox
470 415 577 464 tetrum
589 405 650 462 dira
663 405 740 462 inter
751 404 879 461 odorem.

142 505 266 567 Rursum
279 507 311 564 in
325 507 429 565 secessu
442 509 539 584 longo,
559 507 611 565 sub
629 525 699 584 rupe
712 505 822 574 cavati,

142 609 301 666 Arboribus
313 609 398 668 claufi
409 609 527 678 circum,
537 618 624 686 atque
633 607 816 668 horrentibus
823 585 944 676 umbris,

143 709 310 784 Instruimus
322 711 441 779 mensas,
461 711 572 786 arisque
585 711 749 788 reponimus
760 709 869 786 ignem.

143 813 266 871 Rursum
278 832 315 871 ex
328 812 438 872 diverso
450 805 524 885 ciali,
545 814 683 890 caecisque
696 812 819 882 latebris,

142 917 241 975 Turba
254 916 356 978 sonans
373 917 499 994 praedam
512 917 631 993 pedibus
644 916 829 974 circumvolat
842 913 940 973 uncis:

144 1019 251 1077 Polluit
263 1039 311 1077 ore
324 1021 418 1096 dapes.
437 1063 443 1072 .
459 1020 548 1078 Sociis
561 1031 639 1088 tunc,
659 1038 737 1078 arma
750 1017 901 1096 capeliam,

144 1121 243 1189 Edico,
263 1131 292 1178 et
306 1121 368 1179 diri
380 1121 490 1180 bellum
503 1135 571 1180 cum
585 1131 670 1198 gente
683 1121 851 1198 gerendum.

145 1224 234 1284 Haud
246 1224 325 1282 secus
337 1244 370 1284 ac
379 1223 445 1301 juffi
460 1223 580 1294 faciunt,
601 1224 746 1300 tediosque
760 1242 812 1300 per
824 1223 943 1281 herbam

145 1326 311 1404 Disponunt
322 1327 403 1396 enfiS,
423 1337 453 1384 et
466 1326 544 1385 scuta
558 1326 677 1384 latentia
690 1327 828 1384 condunt.

146 1430 231 1506 Ετςο,
252 1429 303 1487 ubi
316 1429 436 1506 delapsae
446 1429 576 1488 'sonitum
587 1449 637 1505 per
650 1447 735 1486 curva
748 1428 851 1486 dedere
874 1429 876 1434 ’
931 1435 933 1440 ’

146 1532 255 1600 Litora,
274 1533 324 1590 dat
338 1532 450 1609 signum
462 1531 575 1608 speculi
588 1531 719 1590 Misenus
731 1533 768 1590 ab
781 1531 838 1589 alta
938 1571 941 1577 ,

147 1635 221 1692 AEre
233 1653 316 1694 cavo:
338 1634 478 1693 invadunt
491 1633 569 1704 socii,
583 1644 612 1692 et
623 1653 696 1692 nova
709 1633 808 1711 proelia
821 1641 943 1705 tentant,

148 1736 292 1796 Obscenas
304 1737 399 1814 pelagi
413 1737 489 1795 ferro
501 1737 608 1794 foedare
620 1737 757 1795 volucres.

149 1840 204 1896 Sed
217 1857 310 1916 noque
323 1839 382 1897 vim
395 1839 501 1917 plumis
513 1837 612 1908 ullam,
633 1856 686 1898 nec
699 1839 814 1908 volnera
827 1847 917 1918 tergo,

149 1941 325 2020 Adcipiunt3
347 1941 490 2018 celerique
499 1941 574 2018 fugi
587 1941 639 1999 sub
653 1941 740 2000 fidera
753 1941 839 2000 labsar

149 2043 291 2102 Semesam
303 2043 438 2120 praedam,
459 2052 489 2101 et
501 2041 618 2120 vestigia
631 2044 717 2113 foeda,
737 2043 913 2121 relinquunt.

150 2145 217 2203 Una
229 2145 261 2203 in
274 2145 406 2222 praealta
418 2145 546 2204 consedit
559 2164 630 2224 rupe
642 2146 768 2215 Celaeno,

150 2247 257 2306 Infelix
270 2257 348 2306 vates
352 2273 361 2320 ;
384 2248 547 2326 rumpitque
560 2249 636 2306 banc
647 2249 760 2326 pedore
773 2267 886 2306 vocem:

189 2349 301 2408 Bellum
310 2349 398 2408 etiam
405 2369 457 2426 pro
464 2351 541 2408 carde
550 2351 648 2420 boum,
659 2351 805 2427 stratisque
809 2350 945 2429 juvencis,

150 2451 411 2524 Laomedontiadae,
430 2452 577 2510 bellunme
590 2452 697 2511 inferre
709 2454 825 2530 paratis,
941 2457 942 2462 ’

150 2556 189 2616 Et
201 2557 293 2632 patrio
306 2555 449 2632 Harpyias
461 2554 581 2614 insontis
593 2555 700 2632 pellere
712 2559 818 2633 regno?
942 2585 943 2592 κ

151 2657 289 2736 Adcipite
301 2676 369 2734 ergo
382 2657 494 2729 animis,
513 2668 600 2734 atque
612 2657 674 2716 haec
687 2677 750 2718 mea
764 2659 846 2737 figite
858 2660 943 2718 didas

151 2761 228 2820 Qua
259 2761 367 2820 Phoebo
398 2769 479 2838 pater
508 2761 698 2838 omnipotens,
729 2761 804 2822 mibi
827 2745 964 2822 Phoebn'

229 2863 345 2941 Apollo,

151 2966 296 3038 Praedixit,
315 2965 395 3025 vobis
408 2965 557 3032 Furiarum
571 2987 626 3046 ego
638 2967 763 3028 maxima
776 2969 881 3046 pando.

152 3069 268 3130 ltaliam
280 3069 365 3128 cursu
377 3068 488 3147 petitis3
509 3069 660 3147 ventisque
672 3072 780 3131 vocatis
