2236 3584
159 191 215 250 rm
416 165 692 264 AEumuos,
865 193 952 252 me.

154 345 313 404 Posthabitl
327 347 442 406 coluiss'e
456 351 554 408 Samo:
577 349 625 406 hic
637 349 714 428 illius
726 368 813 417 anna,

153 448 212 505 Hic
225 467 322 506 currus
336 449 405 507 fuit:
428 451 483 508 hoc
496 471 617 528 regnum
635 455 686 510 dea
701 451 834 528 gentibus
846 451 910 522 effe,

154 551 183 606 Si
197 550 253 626 qui
266 551 326 608 fata
339 552 440 624 finant,
457 551 519 630 jam
534 565 596 612 tum
610 555 760 629 tenditque
772 537 917 629 fovetque.

153 652 322 728 Progeniem
336 653 382 710 sed
396 655 475 712 enim
487 654 612 731 Trojano
625 675 640 714 a
654 655 793 730 sanguine
806 655 872 714 duci

153 753 304 822 Audierat,
323 755 424 832 Tyriae
444 756 515 814 olim
529 777 593 832 quae
604 759 728 814 verteret
741 775 818 814 arces
826 781 835 826 ;

153 857 232 914 Hinc
244 858 392 944 pupulum,
413 859 471 916 late
483 877 591 934 regem,
611 859 744 933 belloque
759 843 922 934 superbum,

153 961 318 1018 Venturum
330 961 443 1020 excidio
457 962 570 1038 Libyae:
594 961 630 1018 fic
644 961 756 1018 volvere
770 963 877 1018 Parcas.

153 1062 188 1120 ld
202 1073 341 1134 metuens,
362 1063 521 1139 veterisque
539 1081 649 1120 memor
664 1065 793 1120 Saturnia
806 1063 884 1131 belli,

152 1165 246 1224 Prima
259 1168 335 1242 quod
347 1167 383 1224 ad
395 1165 512 1243 Trojam
524 1186 576 1242 pro
589 1167 659 1224 caris
674 1167 794 1242 gesserat
807 1167 908 1244 Argis:

153 1269 217 1326 Nec
231 1269 401 1327 demetiam
414 1269 515 1328 eauffae
527 1269 636 1330 irantm
648 1269 771 1345 saevique
784 1271 894 1330 dolores

154 1369 327 1452 Exciderant
340 1372 450 1442 animm
471 1373 640 1432 manetaltl
654 1382 751 1430 mente
764 1373 906 1448 repostum

153 1472 301 1550 Judieium
314 1475 428 1544 Paridis,
449 1473 720 1556 spretaequeuinjuria
732 1476 841 1544 formae,

107 1607 111 1620 ·
154 1575 192 1632 Et
206 1593 298 1652 genus
308 1575 442 1644 invisum,
462 1586 492 1633 et
505 1577 579 1654 rapti
592 1577 768 1654 Ganymedis
781 1577 915 1636 honores:

155 1679 209 1738 His
222 1678 341 1738 adcensa
354 1678 446 1756 super,
463 1679 583 1756 jabiatos
596 1699 709 1756 aequore
723 1690 784 1742 toto

153 1782 252 1852 Troas,
272 1781 405 1858 reliquias
417 1775 551 1840 Danaum
563 1791 649 1858 atque
662 1781 771 1840 inmitis
785 1780 905 1850 Achilli,

155 1885 281 1942 Areebat
293 1884 380 1960 longe
394 1883 491 1944 Latio:
513 1885 677 1959 multosque
688 1901 740 1959 per
752 1901 841 1946 annon

155 1987 303 2055 Errabant,
324 1987 380 2044 effi
393 1986 469 2054 fatis,
489 1986 578 2044 naaria
591 1985 689 2044 onmia
702 1985 821 2044 circum.
838 2041 840 2046 ,
948 2043 951 2048 ,

154 2073 257 2146 Tantae
269 2088 353 2146 molis
365 2099 426 2146 erat
439 2090 598 2146 Romanam
611 2090 732 2145 condere
746 2065 879 2164 gentem!

193 2191 262 2260 Vix,
283 2210 299 2247 e
312 2189 462 2266 conspeetu
476 2190 577 2248 Siculae
591 2189 710 2257 telluris,
729 2189 760 2246 in
775 2189 866 2249 altum

152 2293 226 2350 ¹Vela
241 2295 347 2350 dabant
359 2292 428 2360 laeti,
447 2302 477 2349 et
490 2291 602 2368 spumas
616 2291 679 2350 salis
692 2311 747 2350 aere
761 2294 882 2350 ruebant
890 2315 899 2363 3
949 2351 950 2356 χ

156 2397 257 2452 Quum
270 2396 356 2472 Juno,
375 2404 514 2452 aeternum
527 2393 641 2452 servans.
651 2394 703 2451 sub
716 2395 828 2471 pebiore
841 2394 950 2462 volnus,

154 2493 228 2556 Haec
241 2497 351 2554 secum:
373 2497 461 2554 Mene
474 2496 589 2573 incepto
602 2496 729 2554 defistere
742 2497 857 2566 vittam,
946 2537 948 2544 ·

155 2601 187 2657 N
187 2620 222 2658 ec
232 2599 307 2677 poffe
322 2597 405 2656 Italia
416 2589 593 2656 Teucrorum
607 2608 733 2677 avertere
746 2601 859 2676 regem?

87 2691 95 2702 ’
156 2701 273 2778 Quippe
287 2709 366 2758 vetor
378 2699 455 2758 satis.
496 2701 622 2758 Pallasne
633 2718 752 2758 exurere
765 2700 878 2758 claffem
946 2761 950 2766 ,

156 2803 309 2878 Argivum,
329 2811 415 2878 atque
427 2801 608 2878 ipsos'potuit
621 2801 801 2878 submergere
814 2812 912 2879 pontu,

155 2907 249 2984 Unius
262 2909 299 2964 ob
313 2925 418 2962 noxam
432 2915 461 2962 et
474 2905 562 2962 furias
576 2903 672 2980 Ajacis
685 2905 783 2962 Oilei?
884 2923 895 2949 ⁸

155 3009 226 3084 Ipsa,
241 3009 318 3084 Jovis
331 3006 463 3084 rapidum
472 3005 597 3084 jaculata
610 3025 627 3062 e
640 3006 764 3064 nubibus
778 3006 887 3082 ignem,
946 3055 948 3060 .

121 3109 335 3185 ,Disjeeitque
345 3120 426 3178 rates,
447 3107 605 3183 evertitque
619 3126 731 3182 aequora
743 3107 849 3192 uentis:
943 3156 946 3164 .
1040 3097 1042 3106 Α
