2194 3584
98 195 171 262 v.37.
336 193 562 254 ECLOGA
594 193 619 250 1.-

390 368 567 408 unrrnmus.
665 401 668 404 .
768 383 770 386 ·

94 442 213 513 Mirabar,
232 447 305 522 quid
318 451 412 508 maesta
425 452 499 520 deos,
519 445 670 526 Amaryllb
689 463 819 517 vocarem
927 507 930 511 -

93 544 139 602 Cui
148 547 268 622 pendere
281 549 331 608 sui
340 553 476 628 patereris
489 553 520 610 in
534 554 632 610 arbore
644 568 729 627 poma
735 574 744 620 i

92 645 192 722 Tityrus
204 648 274 707 hinc
285 654 394 711 aberat:
418 653 484 731 ipsae
494 662 532 720 te,
550 653 659 730 Tityre,
679 650 771 728 pinus,

91 747 137 824 Ipsi
149 755 174 805 te
185 749 288 822 sontes,
307 753 366 830 ipsa
379 755 441 813 haec
453 755 570 824 arbusta,
583 756 742 812 vocabant.x

402 877 547 916 maruno.

91 938 160 1011 Quid
172 955 314 1016 facerem?
335 977 428 1035 neque
440 960 552 1018 servitio
565 979 613 1018 me
625 957 704 1016 exire
716 957 828 1024 licebat,

90 1055 145 1112 Nec
157 1064 214 1113 tam
226 1059 371 1134 praesentis
384 1062 452 1118 alibi
465 1062 631 1138 cognoscere
645 1061 731 1118 divos.

89 1157 138 1214 Hic
149 1157 228 1216 ilium
241 1160 301 1218 vidi
309 1161 454 1238 juvenem,
474 1163 618 1230 Meliboee,
632 1159 783 1237 quotannis

43 1307 44 1312 ,
89 1260 129 1317 Bis
142 1260 216 1320 senos
229 1264 277 1320 cui
290 1265 382 1323 nostra
396 1265 454 1324 dies
467 1266 566 1324 altaria
579 1265 701 1322 sumant.

88 1363 144 1420 Hoc
152 1364 223 1422 mibi
236 1365 400 1442 responsum
410 1367 518 1443 primus
531 1365 611 1424 dedit
622 1366 671 1422 ille
683 1363 806 1441 petenti:

43 1451 47 1464 ⁸
87 1463 190 1535 Pascite,
201 1475 236 1524 ut
248 1476 324 1537 ante,
336 1470 430 1536 boves,
442 1468 523 1545 pueri
530 1493 538 1540 ;
560 1466 718 1524 submittite
731 1476 833 1523 tauros.

300 1599 305 1606 ·
385 1589 563 1628 nnrrnoeus.

88 1668 228 1726 Fortunate
240 1671 338 1742 senem
361 1691 428 1748 ergo
442 1683 490 1729 tua
503 1691 566 1730 rura
576 1670 747 1730 manebunt!

87 1771 118 1828 Et
129 1771 180 1828 tibi
192 1791 296 1848 magna
306 1773 387 1830 satis:
409 1774 537 1849 quamvis
549 1775 620 1850 lapis
633 1773 729 1830 omnia
743 1771 845 1840 nudus,
874 1803 877 1818 ·

87 1873 242 1948 Limosoque
255 1876 335 1950 palus
345 1876 467 1933 obducat
479 1876 580 1951 pascua
589 1875 686 1952 junco,

87 1973 146 2032 Non
158 1973 264 2032 insueta
278 1976 369 2052 gravis
384 1978 534 2034 tentabunt
546 1977 650 2054 pabula
662 1978 747 2049 fetas3

87 2075 142 2132 Nec
153 2077 225 2134 mala
238 2077 326 2136 vicini
339 2079 447 2154 pecoris
460 2079 590 2155 contagia
602 2079 713 2138 laedent.

86 2179 227 2238 Fortunate
241 2181 326 2237 senex
332 2205 340 2251 i
361 2179 409 2236 hic
422 2181 497 2238 inter
509 2181 630 2238 flumina
643 2191 714 2243 nota

83 2281 115 2336 Et
126 2281 211 2338 sontis
224 2281 313 2339 sacros
326 2281 417 2358 frigus
430 2282 555 2358 captabis
567 2301 698 2358 opacum.
765 2342 767 2346 ,

80 2382 152 2440 Hinc
164 2383 227 2452 tibi,
248 2403 312 2460 quae
325 2383 433 2460 semper
445 2383 539 2442 vicino
551 2385 587 2441 ab
598 2383 689 2441 limite
702 2385 787 2460 saepes

79 2485 200 2560 Hyblaeis
213 2486 313 2562 apibus
326 2485 425 2571 florem
438 2470 658 2561 depastasalisti,

79 2587 151 2662 Saepe
162 2587 219 2644 levi
232 2587 363 2644 somnum
375 2587 504 2644 suadebit
516 2587 589 2644 inire
601 2585 711 2644 susurro
717 2613 726 2670 ³.

79 2689 151 2745 Hinc
164 2688 220 2746 alti
233 2688 285 2746 sub
297 2707 367 2765 rupe
380 2697 463 2746 canet
475 2689 620 2746 frondator
633 2690 670 2746 ad
682 2709 776 2747 auras:

78 2790 246 2863 Nectamen
258 2791 366 2848 interea
380 2810 478 2858 raucae,
499 2800 548 2848 tua
561 2809 637 2854 cura.
657 2791 813 2872 palumbes,

77 2891 136 2950 Nec
148 2912 262 2970 gemere
272 2892 347 2951 aetii
360 2892 474 2950 cessabit
487 2901 580 2966 turtur
592 2895 628 2950 ab
641 2893 730 2953 ulmor
755 2969 757 2972 Ι
773 2943 776 2948 ,

397 3013 542 3052 aramus.
719 2985 722 2990 ’

76 3097 150 3157 Ante
159 3097 236 3159 leves
247 3115 316 3174 ergo
326 3095 474 3175 pascentur
484 3096 514 3153 in
529 3113 642 3172 aequore
655 3095 739 3164 cervi,

852 201 870 252 3
