2194 3584
188 247 228 302 ⁴4
424 243 753 313 GEORGICON,
901 241 987 314 v.69.

186 396 261 465 Illic,
281 395 410 456 officiant
422 399 496 462 laetis
509 420 546 458 ne
558 401 691 478 frugibus
704 400 814 470 herbae3

185 499 253 570 Hic,
268 499 391 558 sterilem
403 502 525 578 exiguus
539 523 576 560 ne
588 502 697 562 deserat
709 503 813 560 humor
826 519 950 562 arenam.
972 549 974 552 .

184 600 314 658 Alternis
325 601 404 660 idem
418 603 512 662 tonsas
524 604 627 662 cessare
640 603 756 673 novalis,

183 702 222 760 Et
234 702 351 778 segnem
364 704 472 780 patiere
485 707 540 764 situ
549 705 699 764 'durescere
712 723 855 782 campum.
960 698 981 710 ”

182 803 246 861 Aut
258 804 301 861 ibi
314 805 387 863 flava
400 805 482 876 seres,
502 816 613 864 mutato
627 808 723 874 fidere,
743 807 827 875 farra,

182 905 270 962 Unde
282 906 361 982 prius
374 908 473 965 laetum
487 909 588 985 filiqui
602 909 746 984 quaffante
760 908 905 984 legumen,

180 1005 244 1065 Aut
257 1009 350 1066 tenuis
363 1007 439 1068 fetus
452 1011 542 1079 viciae,
564 1011 706 1085 tristisque
719 1009 813 1086 lupini

180 1109 328 1168 Sustuleris
340 1112 457 1188 fragiles
470 1114 593 1170 calamos
606 1113 761 1188 filvamque
775 1111 931 1170 sonantem.

180 1210 249 1268 Urit
262 1211 340 1269 enim
353 1212 407 1269 lini
420 1233 554 1290 campum
567 1214 655 1290 seges,
675 1214 735 1272 urit
747 1233 859 1284 avenae;

178 1312 278 1370 Unmt
290 1315 408 1372 Lethaeo
420 1316 535 1392 perfusa
547 1335 687 1393 papavera
700 1315 808 1373 somno.
834 1331 837 1336 ·

179 1415 235 1472 Sed
248 1423 344 1474 tamen
357 1418 473 1508 alternis
486 1419 579 1477 facilis
591 1421 685 1477 labor:
708 1419 787 1476 arida
801 1425 915 1476 tantum
930 1465 931 1470 κ

177 1518 227 1576 Ne
239 1519 364 1577 saturare
376 1521 446 1580 fimo
458 1523 561 1599 pingui
574 1523 680 1600 pudeat
694 1521 750 1579 sola
756 1546 765 1592 ς
788 1540 860 1579 neve

177 1618 285 1678 Effetoe
298 1621 424 1681 cinerem
436 1621 609 1682 inmundum
617 1623 724 1700 jadare
736 1641 788 1700 per
801 1641 893 1700 agros.
926 1655 930 1660 ·

177 1721 224 1779 Sic
238 1741 352 1797 quoque
364 1725 482 1782 mutatis
495 1725 677 1800 requiescunt
689 1725 796 1783 fetibus
810 1741 890 1782 arva:

175 1824 239 1881 Nec
252 1824 332 1881 nulla
345 1823 452 1883 interea
466 1827 505 1883 est
516 1827 634 1884 inaratae
647 1825 739 1904 gratia
753 1837 844 1883 terrae.

176 1927 255 2002 Saepe
268 1925 356 1983 etiam
370 1927 470 1986 sterilis
482 1927 633 1986 incendere
644 1929 754 2006 profuit
766 1947 856 2005 agros,

175 2027 276 2102 Atque
285 2029 379 2086 levem
390 2027 522 2106 stipulam
532 2031 739 2107 crepitantibus
746 2050 829 2088 urere
837 2032 975 2090 flammis:

176 2128 240 2186 Sive
253 2128 320 2186 inde
332 2130 457 2188 occultae
470 2131 553 2200 vires,
566 2141 596 2189 et
608 2133 712 2210 pabula
726 2142 807 2190 terrae

175 2231 296 2306 Pinguia
310 2232 491 2308 concipiunt5
514 2234 570 2291 five
582 2234 641 2291 illis
653 2251 739 2292 omne
751 2253 802 2312 per
815 2235 914 2312 ignem

174 2333 353 2408 Excoquitur
365 2333 479 2404 vitium,
499 2345 585 2410 atque
597 2336 716 2394 exsudat
728 2336 841 2395 inutilis
853 2337 970 2396 hmuor:

175 2435 230 2492 Seu
241 2435 330 2510 pluris
343 2436 420 2494 calor
432 2434 480 2492 ille
493 2437 555 2494 vias
568 2446 598 2494 et
610 2457 684 2495 caeca
697 2439 806 2498 relaxat

174 2537 360 2614 spiramenta,
381 2555 466 2596 novae
479 2539 576 2596 veniat
589 2541 647 2616 qud
659 2540 759 2598 succus·
770 2543 801 2599 in
815 2542 929 2614 herbae

174 2638 229 2696 Seu
242 2639 325 2700 durat
337 2639 437 2716 magis,
458 2647 488 2697 et
499 2659 584 2698 venas
598 2642 746 2720 adstringit
758 2644 880 2703 hiantis:

173 2738 222 2796 Ne
235 2747 334 2797 tenues
346 2727 461 2816 pluvie,
481 2742 610 2818 rapidive
622 2745 751 2819 potentia
764 2746 830 2804 solie

173 2840 285 2911 Acrior,
305 2850 355 2899 aut
367 2843 464 2900 Boreae
477 2839 652 2920 penetrabile
664 2847 755 2924 frigus
768 2849 876 2907 adurat.
1007 2925 1009 2928 Ι

172 2943 304 3000 Multum
316 2944 395 3015 adeo,
417 2945 508 3003 rastris
519 2945 624 3022 {glebae
634 2948 684 3024 qui
696 2949 804 3027 frangit
816 2950 926 3023 inertis,

173 3043 377 3121 vimineasque
390 3047 478 3104 trahit
489 3057 587 3117 cretes,
592 3048 675 3125 juvat
685 3069 750 3109 arva
756 3075 765 3124 3
781 3071 874 3127 neque
883 3054 968 3113 illurn

173 3145 258 3208 Flava
271 3147 357 3208 Ceres
369 3149 427 3209 alto
439 3150 633 3227 nequidquam
645 3153 750 3230 speeat
762 3153 889 3233 Olympo
895 3179 906 3228 3
