<?xml version="1.0" encoding="UTF-8"?>
<!DOCTYPE html PUBLIC "-//W3C//DTD XHTML 1.0 Transitional//EN"
    "http://www.w3.org/TR/xhtml1/DTD/xhtml1-transitional.dtd">
<html xmlns="http://www.w3.org/1999/xhtml" xml:lang="en" lang="en">
 <head>
  <title>
</title>
<meta http-equiv="Content-Type" content="text/html;charset=utf-8" />
  <meta name='ocr-system' content='tesseract 3.04.00' />
  <meta name='ocr-capabilities' content='ocr_page ocr_carea ocr_par ocr_line ocrx_word'/>
</head>
<body>
  <div class='ocr_page' id='page_1' title='image "./pvirgiliimaroni02wakegoog/pvirgiliimaroni02wakegoog_0130.png"; bbox 0 0 2236 3584; ppageno 0'>
   <div class='ocr_carea' id='block_1_1' title="bbox 159 191 962 274">
    <p class='ocr_par' dir='ltr' id='par_1_1' title="bbox 159 191 962 274">
     <span class='ocr_line' id='line_1_1' title="bbox 159 191 962 274; baseline 0.006 -19"><span class='ocrx_word' id='word_1_1' title='bbox 159 191 273 270; x_wconf 67' lang='lat' dir='ltr'>mado</span> <span class='ocrx_word' id='word_1_2' title='bbox 350 226 353 230; x_wconf 93' lang='lat'><em>-</em></span> <span class='ocrx_word' id='word_1_3' title='bbox 468 199 567 258; x_wconf 82' lang='lat' dir='ltr'><strong>LIB.</strong></span> <span class='ocrx_word' id='word_1_4' title='bbox 606 199 659 259; x_wconf 90' lang='lat' dir='ltr'>IV.</span> <span class='ocrx_word' id='word_1_5' title='bbox 904 211 962 274; x_wconf 86' lang='lat'>1¹9</span> 
     </span>
    </p>
   </div>
   <div class='ocr_carea' id='block_1_2' title="bbox 159 349 960 1052">
    <p class='ocr_par' dir='ltr' id='par_1_2' title="bbox 160 349 956 432">
     <span class='ocr_line' id='line_1_2' title="bbox 160 349 956 432; baseline 0.005 -20"><span class='ocrx_word' id='word_1_6' title='bbox 160 349 250 412; x_wconf 82' lang='lat' dir='ltr'>Unde</span> <span class='ocrx_word' id='word_1_7' title='bbox 263 362 345 432; x_wconf 88' lang='lat' dir='ltr'>pater</span> <span class='ocrx_word' id='word_1_8' title='bbox 356 353 520 425; x_wconf 86' lang='lat' dir='ltr'>Tiberinus,</span> <span class='ocrx_word' id='word_1_9' title='bbox 540 363 571 414; x_wconf 84' lang='lat' dir='ltr'>et</span> <span class='ocrx_word' id='word_1_10' title='bbox 585 357 661 416; x_wconf 87' lang='lat' dir='ltr'>unde</span> <span class='ocrx_word' id='word_1_11' title='bbox 674 357 789 420; x_wconf 83' lang='lat' dir='ltr'>Aniena</span> <span class='ocrx_word' id='word_1_12' title='bbox 802 357 921 428; x_wconf 84' lang='lat' dir='ltr'>fluenta,</span> <span class='ocrx_word' id='word_1_13' title='bbox 954 426 956 432; x_wconf 29' lang='grc' dir='ltr'>Ι</span> 
     </span>
    </p>

    <p class='ocr_par' dir='ltr' id='par_1_3' title="bbox 161 457 931 537">
     <span class='ocr_line' id='line_1_3' title="bbox 161 457 931 537; baseline 0.006 -22"><span class='ocrx_word' id='word_1_14' title='bbox 161 457 357 534; x_wconf 69' lang='lat' dir='ltr'>saxosumque</span> <span class='ocrx_word' id='word_1_15' title='bbox 370 459 471 518; x_wconf 89' lang='lat' dir='ltr'>sonans</span> <span class='ocrx_word' id='word_1_16' title='bbox 483 461 625 536; x_wconf 85' lang='lat' dir='ltr'>Hypanis,</span> <span class='ocrx_word' id='word_1_17' title='bbox 646 461 803 537; x_wconf 83' lang='lat' dir='ltr'>Mysusque</span> <span class='ocrx_word' id='word_1_18' title='bbox 816 463 931 534; x_wconf 82' lang='lat' dir='ltr'>Caicus,</span> 
     </span>
    </p>

    <p class='ocr_par' dir='ltr' id='par_1_4' title="bbox 160 561 847 638">
     <span class='ocr_line' id='line_1_4' title="bbox 160 561 847 638; baseline -0.001 -14"><span class='ocrx_word' id='word_1_19' title='bbox 160 561 201 624; x_wconf 72' lang='lat' dir='ltr'>Et</span> <span class='ocrx_word' id='word_1_20' title='bbox 214 561 329 638; x_wconf 82' lang='lat' dir='ltr'>gemina</span> <span class='ocrx_word' id='word_1_21' title='bbox 342 573 457 622; x_wconf 84' lang='lat' dir='ltr'>auratus</span> <span class='ocrx_word' id='word_1_22' title='bbox 471 564 583 625; x_wconf 86' lang='lat' dir='ltr'>taurino</span> <span class='ocrx_word' id='word_1_23' title='bbox 593 583 702 622; x_wconf 85' lang='lat' dir='ltr'>¹cornua</span> <span class='ocrx_word' id='word_1_24' title='bbox 714 565 795 622; x_wconf 87' lang='lat' dir='ltr'>voltu</span> <span class='ocrx_word' id='word_1_25' title='bbox 843 603 847 611; x_wconf 52' lang='grc' dir='ltr'><em>ι</em></span> 
     </span>
    </p>

    <p class='ocr_par' dir='ltr' id='par_1_5' title="bbox 162 665 843 744">
     <span class='ocr_line' id='line_1_5' title="bbox 162 665 843 744; baseline 0.004 -22"><span class='ocrx_word' id='word_1_26' title='bbox 162 665 318 737; x_wconf 61' lang='lat' dir='ltr'>Eridanum</span> <span class='ocrx_word' id='word_1_27' title='bbox 340 685 398 742; x_wconf 93' lang='lat' dir='ltr'>quo</span> <span class='ocrx_word' id='word_1_28' title='bbox 411 686 468 724; x_wconf 89' lang='lat' dir='ltr'>non</span> <span class='ocrx_word' id='word_1_29' title='bbox 481 667 554 726; x_wconf 88' lang='lat' dir='ltr'>alius</span> <span class='ocrx_word' id='word_1_30' title='bbox 566 685 618 743; x_wconf 93' lang='lat' dir='ltr'>per</span> <span class='ocrx_word' id='word_1_31' title='bbox 631 667 751 744; x_wconf 84' lang='lat' dir='ltr'>pinguia</span> <span class='ocrx_word' id='word_1_32' title='bbox 764 667 843 730; x_wconf 90' lang='lat' dir='ltr'>culta</span> 
     </span>
    </p>

    <p class='ocr_par' dir='ltr' id='par_1_6' title="bbox 159 769 960 951">
     <span class='ocr_line' id='line_1_6' title="bbox 159 769 864 855; baseline 0.003 -29"><span class='ocrx_word' id='word_1_33' title='bbox 159 769 200 826; x_wconf 86' lang='lat' dir='ltr'>In</span> <span class='ocrx_word' id='word_1_34' title='bbox 211 787 289 826; x_wconf 88' lang='lat' dir='ltr'>mare</span> <span class='ocrx_word' id='word_1_35' title='bbox 302 788 476 855; x_wconf 84' lang='lat' dir='ltr'>purpureum</span> <span class='ocrx_word' id='word_1_36' title='bbox 489 769 643 828; x_wconf 85' lang='lat' dir='ltr'>violentior</span> <span class='ocrx_word' id='word_1_37' title='bbox 655 769 749 829; x_wconf 85' lang='lat' dir='ltr'>effluit</span> <span class='ocrx_word' id='word_1_38' title='bbox 762 769 864 828; x_wconf 88' lang='lat' dir='ltr'>amnis.</span> 
     </span>
     <span class='ocr_line' id='line_1_7' title="bbox 201 873 960 951; baseline 0.003 -21"><span class='ocrx_word' id='word_1_39' title='bbox 201 873 351 948; x_wconf 83' lang='lat' dir='ltr'>Postquam</span> <span class='ocrx_word' id='word_1_40' title='bbox 360 875 399 932; x_wconf 88' lang='lat' dir='ltr'>est</span> <span class='ocrx_word' id='word_1_41' title='bbox 407 873 439 930; x_wconf 89' lang='lat' dir='ltr'>in</span> <span class='ocrx_word' id='word_1_42' title='bbox 447 873 576 942; x_wconf 84' lang='lat' dir='ltr'>thalami,</span> <span class='ocrx_word' id='word_1_43' title='bbox 585 873 741 951; x_wconf 85' lang='lat' dir='ltr'>pendentia</span> <span class='ocrx_word' id='word_1_44' title='bbox 752 873 875 950; x_wconf 87' lang='lat' dir='ltr'>pumice,</span> <span class='ocrx_word' id='word_1_45' title='bbox 886 873 960 932; x_wconf 70' lang='lat' dir='ltr'>tedia</span> 
     </span>
    </p>

    <p class='ocr_par' dir='ltr' id='par_1_7' title="bbox 160 975 843 1052">
     <span class='ocr_line' id='line_1_8' title="bbox 160 975 843 1052; baseline 0.004 -20"><span class='ocrx_word' id='word_1_46' title='bbox 160 975 343 1045; x_wconf 76' lang='lat' dir='ltr'>Perventum,</span> <span class='ocrx_word' id='word_1_47' title='bbox 363 986 393 1034; x_wconf 89' lang='lat' dir='ltr'>et</span> <span class='ocrx_word' id='word_1_48' title='bbox 406 977 488 1052; x_wconf 87' lang='lat' dir='ltr'>gnati</span> <span class='ocrx_word' id='word_1_49' title='bbox 500 978 584 1036; x_wconf 88' lang='lat' dir='ltr'>fletus</span> <span class='ocrx_word' id='word_1_50' title='bbox 598 977 733 1052; x_wconf 86' lang='lat' dir='ltr'>cognovit</span> <span class='ocrx_word' id='word_1_51' title='bbox 745 977 843 1034; x_wconf 88' lang='lat' dir='ltr'>inanes</span> 
     </span>
    </p>
   </div>
   <div class='ocr_carea' id='block_1_3' title="bbox 62 1079 874 1165">
    <p class='ocr_par' dir='ltr' id='par_1_8' title="bbox 62 1079 874 1165">
     <span class='ocr_line' id='line_1_9' title="bbox 62 1079 874 1165; baseline 0.004 -30"><span class='ocrx_word' id='word_1_52' title='bbox 62 1159 65 1165; x_wconf 25' lang='grc' dir='ltr'>Ι</span> <span class='ocrx_word' id='word_1_53' title='bbox 161 1080 276 1155; x_wconf 85' lang='lat' dir='ltr'>Cyrene</span> <span class='ocrx_word' id='word_1_54' title='bbox 279 1103 289 1151; x_wconf 89' lang='lat'>;</span> <span class='ocrx_word' id='word_1_55' title='bbox 310 1081 442 1138; x_wconf 85' lang='lat' dir='ltr'>manibus</span> <span class='ocrx_word' id='word_1_56' title='bbox 454 1080 577 1156; x_wconf 89' lang='lat' dir='ltr'>liquidos</span> <span class='ocrx_word' id='word_1_57' title='bbox 590 1081 660 1156; x_wconf 84' lang='lat' dir='ltr'>dant</span> <span class='ocrx_word' id='word_1_58' title='bbox 673 1079 773 1136; x_wconf 86' lang='lat' dir='ltr'>ordine</span> <span class='ocrx_word' id='word_1_59' title='bbox 786 1079 874 1138; x_wconf 85' lang='lat' dir='ltr'>fontis</span> 
     </span>
    </p>
   </div>
   <div class='ocr_carea' id='block_1_4' title="bbox 154 1181 1012 3229">
    <p class='ocr_par' dir='ltr' id='par_1_9' title="bbox 161 1181 842 1260">
     <span class='ocr_line' id='line_1_10' title="bbox 161 1181 842 1260; baseline 0.003 -22"><span class='ocrx_word' id='word_1_60' title='bbox 161 1181 324 1251; x_wconf 82' lang='lat' dir='ltr'>Germanae,</span> <span class='ocrx_word' id='word_1_61' title='bbox 345 1185 487 1260; x_wconf 89' lang='lat' dir='ltr'>tonsrsque</span> <span class='ocrx_word' id='word_1_62' title='bbox 499 1185 596 1242; x_wconf 85' lang='lat' dir='ltr'>ferunt</span> <span class='ocrx_word' id='word_1_63' title='bbox 608 1182 746 1244; x_wconf 88' lang='lat' dir='ltr'>mantelia</span> <span class='ocrx_word' id='word_1_64' title='bbox 756 1182 842 1240; x_wconf 87' lang='lat' dir='ltr'>villis.</span> 
     </span>
    </p>

    <p class='ocr_par' dir='ltr' id='par_1_10' title="bbox 155 1279 901 1468">
     <span class='ocr_line' id='line_1_11' title="bbox 161 1279 901 1366; baseline 0.003 -24"><span class='ocrx_word' id='word_1_65' title='bbox 161 1286 227 1352; x_wconf 82' lang='lat' dir='ltr'>Pars</span> <span class='ocrx_word' id='word_1_66' title='bbox 239 1286 332 1362; x_wconf 88' lang='lat' dir='ltr'>epulis</span> <span class='ocrx_word' id='word_1_67' title='bbox 344 1297 465 1344; x_wconf 87' lang='lat' dir='ltr'>onerant</span> <span class='ocrx_word' id='word_1_68' title='bbox 477 1286 596 1358; x_wconf 89' lang='lat' dir='ltr'>mensas,</span> <span class='ocrx_word' id='word_1_69' title='bbox 617 1296 648 1345; x_wconf 88' lang='lat' dir='ltr'>et</span> <span class='ocrx_word' id='word_1_70' title='bbox 660 1279 746 1364; x_wconf 84' lang='lat' dir='ltr'>plena</span> <span class='ocrx_word' id='word_1_71' title='bbox 759 1293 901 1366; x_wconf 84' lang='lat' dir='ltr'>reponunt</span> 
     </span>
     <span class='ocr_line' id='line_1_12' title="bbox 155 1389 839 1468; baseline -0.001 -22"><span class='ocrx_word' id='word_1_72' title='bbox 155 1390 279 1461; x_wconf 55' lang='lat' dir='ltr'>,Pocula3</span> <span class='ocrx_word' id='word_1_73' title='bbox 302 1390 446 1448; x_wconf 80' lang='lat' dir='ltr'>Panchaeis</span> <span class='ocrx_word' id='word_1_74' title='bbox 459 1389 624 1454; x_wconf 85' lang='lat' dir='ltr'>adolescunt</span> <span class='ocrx_word' id='word_1_75' title='bbox 640 1389 757 1468; x_wconf 82' lang='lat' dir='ltr'>ignibus</span> <span class='ocrx_word' id='word_1_76' title='bbox 770 1407 839 1450; x_wconf 80' lang='lat' dir='ltr'>araer</span> 
     </span>
    </p>

    <p class='ocr_par' dir='ltr' id='par_1_11' title="bbox 158 1492 954 2191">
     <span class='ocr_line' id='line_1_13' title="bbox 161 1492 828 1572; baseline -0.001 -22"><span class='ocrx_word' id='word_1_77' title='bbox 161 1493 199 1558; x_wconf 85' lang='lat' dir='ltr'>Et</span> <span class='ocrx_word' id='word_1_78' title='bbox 212 1503 312 1562; x_wconf 89' lang='lat' dir='ltr'>mater,</span> <span class='ocrx_word' id='word_1_79' title='bbox 333 1494 412 1572; x_wconf 88' lang='lat' dir='ltr'>Cape</span> <span class='ocrx_word' id='word_1_80' title='bbox 424 1493 545 1552; x_wconf 88' lang='lat' dir='ltr'>Maeonii</span> <span class='ocrx_word' id='word_1_81' title='bbox 557 1494 697 1552; x_wconf 89' lang='lat' dir='ltr'>carchefia</span> <span class='ocrx_word' id='word_1_82' title='bbox 709 1492 828 1564; x_wconf 71' lang='lat' dir='ltr'>Bacchi,</span> 
     </span>
     <span class='ocr_line' id='line_1_14' title="bbox 161 1596 842 1674; baseline 0 -20"><span class='ocrx_word' id='word_1_83' title='bbox 161 1596 278 1656; x_wconf 86' lang='lat' dir='ltr'>Oceano</span> <span class='ocrx_word' id='word_1_84' title='bbox 289 1597 421 1667; x_wconf 86' lang='lat' dir='ltr'>libemus,</span> <span class='ocrx_word' id='word_1_85' title='bbox 442 1597 492 1662; x_wconf 79' lang='lat' dir='ltr'>ait,</span> <span class='ocrx_word' id='word_1_86' title='bbox 531 1597 628 1662; x_wconf 77' lang='lat' dir='ltr'>Simul</span> <span class='ocrx_word' id='word_1_87' title='bbox 637 1596 697 1674; x_wconf 90' lang='lat' dir='ltr'>ipsa</span> <span class='ocrx_word' id='word_1_88' title='bbox 710 1605 842 1674; x_wconf 84' lang='lat' dir='ltr'>precatur</span> 
     </span>
     <span class='ocr_line' id='line_1_15' title="bbox 162 1698 948 1782; baseline -0.001 -23"><span class='ocrx_word' id='word_1_89' title='bbox 162 1701 368 1782; x_wconf 85' lang='lat' dir='ltr'>Oceanumque</span> <span class='ocrx_word' id='word_1_90' title='bbox 376 1709 486 1777; x_wconf 87' lang='lat' dir='ltr'>patrem</span> <span class='ocrx_word' id='word_1_91' title='bbox 497 1719 601 1769; x_wconf 89' lang='lat' dir='ltr'>rerum,</span> <span class='ocrx_word' id='word_1_92' title='bbox 612 1701 644 1764; x_wconf 91' lang='lat' dir='ltr'>N</span> <span class='ocrx_word' id='word_1_93' title='bbox 644 1700 822 1777; x_wconf 84' lang='lat' dir='ltr'>ympba&#39;sque</span> <span class='ocrx_word' id='word_1_94' title='bbox 832 1698 948 1771; x_wconf 84' lang='lat' dir='ltr'>sorores,</span> 
     </span>
     <span class='ocr_line' id='line_1_16' title="bbox 160 1802 954 1880; baseline 0 -18"><span class='ocrx_word' id='word_1_95' title='bbox 160 1803 288 1862; x_wconf 83' lang='lat' dir='ltr'>Centum</span> <span class='ocrx_word' id='word_1_96' title='bbox 301 1823 365 1880; x_wconf 82' lang='lat' dir='ltr'>quae</span> <span class='ocrx_word' id='word_1_97' title='bbox 374 1803 467 1874; x_wconf 81' lang='lat' dir='ltr'>silvas,</span> <span class='ocrx_word' id='word_1_98' title='bbox 479 1811 598 1862; x_wconf 88' lang='lat' dir='ltr'>centum</span> <span class='ocrx_word' id='word_1_99' title='bbox 607 1823 672 1880; x_wconf 74' lang='lat' dir='ltr'>quae</span> <span class='ocrx_word' id='word_1_100' title='bbox 684 1803 815 1874; x_wconf 83' lang='lat' dir='ltr'>flumina,</span> <span class='ocrx_word' id='word_1_101' title='bbox 829 1802 954 1875; x_wconf 84' lang='lat' dir='ltr'>servant;</span> 
     </span>
     <span class='ocr_line' id='line_1_17' title="bbox 159 1906 909 1984; baseline 0 -20"><span class='ocrx_word' id='word_1_102' title='bbox 159 1907 219 1970; x_wconf 85' lang='lat' dir='ltr'>Ter</span> <span class='ocrx_word' id='word_1_103' title='bbox 231 1906 342 1983; x_wconf 85' lang='lat' dir='ltr'>liquido</span> <span class='ocrx_word' id='word_1_104' title='bbox 355 1908 503 1966; x_wconf 86' lang='lat' dir='ltr'>ardentem</span> <span class='ocrx_word' id='word_1_105' title='bbox 515 1907 643 1984; x_wconf 87' lang='lat' dir='ltr'>perfudit</span> <span class='ocrx_word' id='word_1_106' title='bbox 655 1907 768 1968; x_wconf 72' lang='lat' dir='ltr'>uediare</span> <span class='ocrx_word' id='word_1_107' title='bbox 779 1906 909 1977; x_wconf 73' lang='lat' dir='ltr'>Vestam3</span> 
     </span>
     <span class='ocr_line' id='line_1_18' title="bbox 158 2009 894 2086; baseline -0.004 -16"><span class='ocrx_word' id='word_1_108' title='bbox 158 2011 218 2070; x_wconf 84' lang='lat' dir='ltr'>Ter</span> <span class='ocrx_word' id='word_1_109' title='bbox 230 2011 346 2069; x_wconf 89' lang='lat' dir='ltr'>flamma</span> <span class='ocrx_word' id='word_1_110' title='bbox 358 2011 395 2068; x_wconf 89' lang='lat' dir='ltr'>ad</span> <span class='ocrx_word' id='word_1_111' title='bbox 408 2009 552 2070; x_wconf 88' lang='lat' dir='ltr'>summurn</span> <span class='ocrx_word' id='word_1_112' title='bbox 564 2009 631 2070; x_wconf 75' lang='lat' dir='ltr'>tem·</span> <span class='ocrx_word' id='word_1_113' title='bbox 644 2009 768 2086; x_wconf 71' lang='lat' dir='ltr'>subjecta</span> <span class='ocrx_word' id='word_1_114' title='bbox 779 2010 894 2075; x_wconf 85' lang='lat' dir='ltr'>reluxit.</span> 
     </span>
     <span class='ocr_line' id='line_1_19' title="bbox 160 2113 876 2191; baseline -0.004 -18"><span class='ocrx_word' id='word_1_115' title='bbox 160 2113 268 2173; x_wconf 87' lang='lat' dir='ltr'>Omine</span> <span class='ocrx_word' id='word_1_116' title='bbox 281 2133 338 2191; x_wconf 91' lang='lat' dir='ltr'>quo</span> <span class='ocrx_word' id='word_1_117' title='bbox 351 2115 467 2174; x_wconf 87' lang='lat' dir='ltr'>firmans</span> <span class='ocrx_word' id='word_1_118' title='bbox 480 2114 619 2182; x_wconf 88' lang='lat' dir='ltr'>animum,</span> <span class='ocrx_word' id='word_1_119' title='bbox 634 2114 671 2171; x_wconf 87' lang='lat' dir='ltr'>iic</span> <span class='ocrx_word' id='word_1_120' title='bbox 684 2113 788 2191; x_wconf 88' lang='lat' dir='ltr'>incipit</span> <span class='ocrx_word' id='word_1_121' title='bbox 800 2113 876 2191; x_wconf 74' lang='lat' dir='ltr'>ipsa:</span> 
     </span>
    </p>

    <p class='ocr_par' dir='ltr' id='par_1_12' title="bbox 154 2215 942 2500">
     <span class='ocr_line' id='line_1_20' title="bbox 189 2215 836 2301; baseline 0 -27"><span class='ocrx_word' id='word_1_122' title='bbox 189 2216 247 2293; x_wconf 34' lang='lat' dir='ltr'>,Est</span> <span class='ocrx_word' id='word_1_123' title='bbox 258 2217 289 2274; x_wconf 92' lang='lat' dir='ltr'>in</span> <span class='ocrx_word' id='word_1_124' title='bbox 304 2215 460 2294; x_wconf 84' lang='lat' dir='ltr'>Carpathio</span> <span class='ocrx_word' id='word_1_125' title='bbox 473 2215 605 2301; x_wconf 90' lang='lat' dir='ltr'>Neptuni</span> <span class='ocrx_word' id='word_1_126' title='bbox 619 2216 736 2293; x_wconf 81' lang='lat' dir='ltr'>gurgite</span> <span class='ocrx_word' id='word_1_127' title='bbox 748 2225 836 2286; x_wconf 88' lang='lat' dir='ltr'>vates,</span> 
     </span>
     <span class='ocr_line' id='line_1_21' title="bbox 160 2317 942 2398; baseline 0.001 -21"><span class='ocrx_word' id='word_1_128' title='bbox 160 2319 307 2382; x_wconf 84' lang='lat' dir='ltr'>Caenrleus</span> <span class='ocrx_word' id='word_1_129' title='bbox 319 2321 445 2390; x_wconf 86' lang='lat' dir='ltr'>Proteus,</span> <span class='ocrx_word' id='word_1_130' title='bbox 464 2338 604 2396; x_wconf 86' lang='lat' dir='ltr'>maguum</span> <span class='ocrx_word' id='word_1_131' title='bbox 617 2319 668 2395; x_wconf 92' lang='lat' dir='ltr'>qui</span> <span class='ocrx_word' id='word_1_132' title='bbox 680 2317 805 2398; x_wconf 89' lang='lat' dir='ltr'>piscibus</span> <span class='ocrx_word' id='word_1_133' title='bbox 816 2337 915 2397; x_wconf 82' lang='lat' dir='ltr'>aequor</span> <span class='ocrx_word' id='word_1_134' title='bbox 940 2339 942 2344; x_wconf 84' lang='lat'><em>·</em></span> 
     </span>
     <span class='ocr_line' id='line_1_22' title="bbox 154 2421 848 2500; baseline -0.001 -17"><span class='ocrx_word' id='word_1_135' title='bbox 154 2424 198 2488; x_wconf 77' lang='lat' dir='ltr'>Et</span> <span class='ocrx_word' id='word_1_136' title='bbox 206 2421 306 2500; x_wconf 74' lang='lat' dir='ltr'>juneio</span> <span class='ocrx_word' id='word_1_137' title='bbox 319 2423 457 2500; x_wconf 87' lang='lat' dir='ltr'>bipedum</span> <span class='ocrx_word' id='word_1_138' title='bbox 470 2442 556 2488; x_wconf 86' lang='lat' dir='ltr'>curru</span> <span class='ocrx_word' id='word_1_139' title='bbox 568 2421 689 2480; x_wconf 87' lang='lat' dir='ltr'>metitur</span> <span class='ocrx_word' id='word_1_140' title='bbox 700 2441 848 2498; x_wconf 88' lang='lat' dir='ltr'>equorum.</span> 
     </span>
    </p>

    <p class='ocr_par' dir='ltr' id='par_1_13' title="bbox 160 2526 1012 2604">
     <span class='ocr_line' id='line_1_23' title="bbox 160 2526 1012 2604; baseline -0.001 -18"><span class='ocrx_word' id='word_1_141' title='bbox 160 2528 219 2586; x_wconf 90' lang='lat' dir='ltr'>Hic</span> <span class='ocrx_word' id='word_1_142' title='bbox 231 2545 309 2586; x_wconf 88' lang='lat' dir='ltr'>nunc</span> <span class='ocrx_word' id='word_1_143' title='bbox 322 2527 463 2586; x_wconf 79' lang='lat' dir='ltr'>Emathiae</span> <span class='ocrx_word' id='word_1_144' title='bbox 475 2535 582 2604; x_wconf 85' lang='lat' dir='ltr'>portus,</span> <span class='ocrx_word' id='word_1_145' title='bbox 601 2526 780 2604; x_wconf 90' lang='lat' dir='ltr'>patriamque</span> <span class='ocrx_word' id='word_1_146' title='bbox 793 2527 889 2586; x_wconf 86' lang='lat' dir='ltr'>revifit</span> <span class='ocrx_word' id='word_1_147' title='bbox 1010 2581 1012 2592; x_wconf 87' lang='grc'><em>,</em></span> 
     </span>
    </p>

    <p class='ocr_par' dir='ltr' id='par_1_14' title="bbox 159 2628 926 2707">
     <span class='ocr_line' id='line_1_24' title="bbox 159 2628 926 2707; baseline -0.001 -18"><span class='ocrx_word' id='word_1_148' title='bbox 159 2629 310 2698; x_wconf 78' lang='lat' dir='ltr'>Pallenenr</span> <span class='ocrx_word' id='word_1_149' title='bbox 330 2631 408 2688; x_wconf 90' lang='lat' dir='ltr'>hunc</span> <span class='ocrx_word' id='word_1_150' title='bbox 424 2640 454 2694; x_wconf 83' lang='lat' dir='ltr'>et</span> <span class='ocrx_word' id='word_1_151' title='bbox 468 2629 614 2707; x_wconf 88' lang='lat' dir='ltr'>Nympbae</span> <span class='ocrx_word' id='word_1_152' title='bbox 627 2648 804 2698; x_wconf 83' lang='lat' dir='ltr'>veneramur,</span> <span class='ocrx_word' id='word_1_153' title='bbox 824 2628 926 2707; x_wconf 85' lang='lat' dir='ltr'>etipse</span> 
     </span>
    </p>

    <p class='ocr_par' dir='ltr' id='par_1_15' title="bbox 159 2732 924 2808">
     <span class='ocr_line' id='line_1_25' title="bbox 159 2732 924 2808; baseline -0.003 -16"><span class='ocrx_word' id='word_1_154' title='bbox 159 2734 335 2792; x_wconf 87' lang='lat' dir='ltr'>Grandaevus</span> <span class='ocrx_word' id='word_1_155' title='bbox 347 2734 473 2804; x_wconf 72' lang='lat' dir='ltr'>Nereus,</span> <span class='ocrx_word' id='word_1_156' title='bbox 495 2732 580 2792; x_wconf 89' lang='lat' dir='ltr'>novit</span> <span class='ocrx_word' id='word_1_157' title='bbox 592 2751 717 2808; x_wconf 87' lang='lat' dir='ltr'>namque</span> <span class='ocrx_word' id='word_1_158' title='bbox 729 2732 825 2790; x_wconf 90' lang='lat' dir='ltr'>omnia</span> <span class='ocrx_word' id='word_1_159' title='bbox 838 2741 924 2801; x_wconf 80' lang='lat' dir='ltr'>vates,</span> 
     </span>
    </p>

    <p class='ocr_par' dir='ltr' id='par_1_16' title="bbox 160 2835 956 3012">
     <span class='ocr_line' id='line_1_26' title="bbox 160 2835 956 2914; baseline -0.005 -18"><span class='ocrx_word' id='word_1_160' title='bbox 160 2838 235 2896; x_wconf 77' lang='lat' dir='ltr'>Ouae</span> <span class='ocrx_word' id='word_1_161' title='bbox 249 2837 313 2908; x_wconf 76' lang='lat' dir='ltr'>siut,</span> <span class='ocrx_word' id='word_1_162' title='bbox 333 2856 398 2913; x_wconf 82' lang='lat' dir='ltr'>quae</span> <span class='ocrx_word' id='word_1_163' title='bbox 410 2837 529 2907; x_wconf 79' lang='lat' dir='ltr'>fuerint,</span> <span class='ocrx_word' id='word_1_164' title='bbox 549 2855 614 2914; x_wconf 74' lang='lat' dir='ltr'>quae</span> <span class='ocrx_word' id='word_1_165' title='bbox 626 2855 696 2895; x_wconf 84' lang='lat' dir='ltr'>mox</span> <span class='ocrx_word' id='word_1_166' title='bbox 707 2844 827 2899; x_wconf 83' lang='lat' dir='ltr'>ventura</span> <span class='ocrx_word' id='word_1_167' title='bbox 841 2835 956 2900; x_wconf 79' lang='lat' dir='ltr'>trahan-</span> 
     </span>
     <span class='ocr_line' id='line_1_27' title="bbox 236 2949 297 3012; baseline -0.033 -14"><span class='ocrx_word' id='word_1_168' title='bbox 236 2949 297 3012; x_wconf 77' lang='lat' dir='ltr'>tur3</span> 
     </span>
    </p>

    <p class='ocr_par' dir='ltr' id='par_1_17' title="bbox 160 3038 898 3128">
     <span class='ocr_line' id='line_1_28' title="bbox 160 3038 898 3128; baseline -0.007 -26"><span class='ocrx_word' id='word_1_169' title='bbox 160 3043 279 3122; x_wconf 78' lang='lat' dir='ltr'>Quippe</span> <span class='ocrx_word' id='word_1_170' title='bbox 291 3043 333 3103; x_wconf 85' lang='lat' dir='ltr'>ita</span> <span class='ocrx_word' id='word_1_171' title='bbox 347 3043 486 3128; x_wconf 90' lang='lat' dir='ltr'>Neptuno</span> <span class='ocrx_word' id='word_1_172' title='bbox 498 3043 592 3104; x_wconf 89' lang='lat' dir='ltr'>visum</span> <span class='ocrx_word' id='word_1_173' title='bbox 605 3045 654 3115; x_wconf 89' lang='lat' dir='ltr'>est,</span> <span class='ocrx_word' id='word_1_174' title='bbox 674 3041 802 3103; x_wconf 85' lang='lat' dir='ltr'>inmania</span> <span class='ocrx_word' id='word_1_175' title='bbox 815 3038 898 3118; x_wconf 85' lang='lat' dir='ltr'>cujus</span> 
     </span>
    </p>

    <p class='ocr_par' dir='ltr' id='par_1_18' title="bbox 158 3145 887 3229">
     <span class='ocr_line' id='line_1_29' title="bbox 158 3145 887 3229; baseline -0.007 -17"><span class='ocrx_word' id='word_1_176' title='bbox 158 3149 309 3222; x_wconf 78' lang='lat' dir='ltr'>Armenta,</span> <span class='ocrx_word' id='word_1_177' title='bbox 329 3157 364 3208; x_wconf 89' lang='lat' dir='ltr'>et</span> <span class='ocrx_word' id='word_1_178' title='bbox 371 3149 462 3227; x_wconf 87' lang='lat' dir='ltr'>turpis</span> <span class='ocrx_word' id='word_1_179' title='bbox 474 3149 566 3229; x_wconf 86' lang='lat' dir='ltr'>pascit</span> <span class='ocrx_word' id='word_1_180' title='bbox 577 3148 630 3208; x_wconf 83' lang='lat' dir='ltr'>sub</span> <span class='ocrx_word' id='word_1_181' title='bbox 643 3146 759 3226; x_wconf 82' lang='lat' dir='ltr'>gurgite</span> <span class='ocrx_word' id='word_1_182' title='bbox 768 3145 887 3226; x_wconf 83' lang='lat' dir='ltr'>phocas.</span> 
     </span>
    </p>
   </div>
   <div class='ocr_carea' id='block_1_5' title="bbox 0 0 1122 3584">
    <p class='ocr_par' dir='ltr' id='par_1_19' title="bbox 0 0 1122 3584">
     <span class='ocr_line' id='line_1_30' title="bbox 0 0 1122 3584; baseline 0 0"><span class='ocrx_word' id='word_1_183' title='bbox 0 0 1122 3584; x_wconf 95' lang='lat' dir='ltr'> </span> 
     </span>
    </p>
   </div>
  </div>
 </body>
</html>
