2208 3574
411 153 616 206 Notum.

111 304 176 342 turna
186 293 265 356 frigora
274 293 372 346 toleririt
381 297 405 345 in
414 299 454 346 hac
463 297 548 358 glaciali
559 291 657 357 regione!
678 289 829 344 pariturum
840 295 908 354 Naso,

99 383 358 450 futurumne
708 389 711 394 ’
831 379 836 386 “

238 473 288 520 Sive
297 473 333 520 die
344 474 429 522 iuratur
437 473 528 532 humus,
544 475 580 520 seu
591 477 600 506 ‘
606 471 693 534 frigidr'
704 473 779 518 lucent

269 565 278 592 ‘
287 561 360 608 Sidera
368 561 385 610 ι’

110 654 135 693 ut
145 646 204 693 idern
213 661 240 694 ex
251 649 314 696 Pont.
326 650 358 696 iv.
373 662 413 696 ro.
425 661 465 709 40.

234 735 339 784 Proxima
349 737 399 783 sunt
408 737 469 783 nobis
479 736 567 799 plaustri
577 733 677 782 ducentia
688 732 793 794 formam,

268 825 297 870 Et
307 839 357 886 quae
367 835 495 887 perpetuum
508 831 516 857 ‘
526 825 591 872 fidere
601 823 681 884 frigus'
693 823 780 870 habent.

108 907 157 954 Nec
166 918 300 972 opportunus
310 927 355 960 non
365 913 396 959 est
406 913 541 976 Propertius,
556 913 575 958 i.
593 912 631 959 16.
641 924 681 972 ²3·

238 999 278 1046 Me
288 999 366 1046 medin
376 1001 457 1058 notter,
474 1015 511 1047 me
521 1005 530 1032 ‘
536 999 616 1046 srdera'
627 1013 694 1060 prona
701 997 821 1060 jamnem,

267 1089 425 1150 ‘Frigidaque'
436 1091 482 1136 Eoo
492 1105 529 1136 me
539 1088 611 1134 ‘dolat
621 1087 689 1134 aura'
699 1088 762 1147 gelu:

108 1170 162 1220 ficut
171 1173 284 1234 ingenium
294 1191 379 1238 quoque
389 1177 487 1224 nostrum
498 1176 625 1238 reposuerat.
656 1175 758 1222 Valerius
768 1175 867 1234 Flaccus,
878 1175 903 1222 ii.

110 1268 168 1320 ηπ.

240 1382 246 1395 .
263 1382 270 1396 .
287 1381 294 1397 .
312 1384 318 1398 .
334 1337 482 1410 aeiglomemnt
492 1351 542 1408 sese,
559 1347 664 1413 nudisque
674 1355 683 1383 ¹
693 1350 731 1396 sub
741 1349 809 1398 asiris’

235 1437 353 1484 Condensae
364 1436 428 1484 fletus
436 1447 527 1484 acuunt.

108 1521 229 1588 Olympius
238 1523 390 1583 Nemefianus,
405 1524 431 1570 de
441 1525 500 1572 laud.
510 1525 577 1572 Herc.
588 1537 628 1585 73.
642 1522 740 1584 venusti,
756 1535 779 1572 et
794 1521 902 1588 appofiti:

233 1641 456 1660 ..........
474 1615 482 1642 ‘
491 1612 620 1674 nantemque
630 1612 669 1658 sub
679 1612 740 1659 astris

236 1698 342 1758 ‘Exigis‚'
358 1707 380 1747 et
390 1713 468 1761 puram
479 1697 553 1746 fratris
564 1699 619 1746 bibis
628 1700 730 1747 amnibus
739 1699 832 1746 undam·

107 1785 249 1844 Claudianus,
264 1785 288 1832 in
298 1787 364 1848 prim.
374 1801 433 1832 cono.
445 1786 496 1833 Stil.
509 1787 524 1832 i.
538 1799 591 1834 ηπ.

236 1903 388 1921 .......
395 1928 398 1932 ,
409 1907 415 1919 .
432 1905 438 1920 .
455 1871 539 1935 ςυοῑίἒε
549 1873 587 1920 sub
598 1874 689 1936 pellibus
698 1874 742 1934 egit

233 1963 317 2008 Edonas
328 1962 426 2024 hyemen,
442 1973 465 2008 et
476 1962 531 2009 tardi
544 1967 553 1994 ‘
560 1962 627 2023 flagra
636 1962 724 2010 Bootae'

235 2053 244 2080 ⁴
253 2049 298 2095 Sub
307 2049 356 2096 dio'
368 2049 461 2112 Rhipaea
471 2049 536 2096 tulit:

104 2132 137 2184 itt
148 2135 213 2196 legas,
228 2151 266 2182 me
275 2121 399 2198 impulsore.
430 2139 460 2184 Et
470 2134 500 2184 itt
510 2135 649 2199 postmodnm
660 2137 705 2184 vidi
720 2151 792 2184 unum
802 2137 853 2184 dare
863 2153 902 2184 co·

104 2224 184 2271 dinem.
214 2223 285 2272 Rettt
295 2222 374 2272 scilicet
384 2225 422 2270 suo
431 2224 541 2271 ‘verbere’
552 2225 685 2272 instrueturn
699 2225 849 2272 ‘bubulcum’
860 2241 901 2272 ex-

105 2312 177 2358 hibuit
187 2310 259 2373 po'e'ta.
279 2312 344 2359 Nihil
354 2312 406 2358 novi
416 2311 541 2372 elegantius.
565 2312 638 2358 Adeas
647 2309 714 2359 etium
726 2312 833 2372 nostrum,
843 2313 901 2360 AEn.

103 2399 153 2446 viii.
172 2399 211 2447 28.
233 2408 255 2446 et
269 2400 363 2446 eundem
380 2399 537 2456 claudianum,
554 2399 610 2462 epig.
621 2400 681 2446 xxiv.
696 2413 722 2446 ι.
746 2400 813 2447 Silius
829 2398 902 2463 porro,

105 2501 143 2534 XV·
162 2499 192 2534 10
208 2518 215 2534 ι

193 2501 207 2547 9
234 2575 342 2621 stramine
352 2572 459 2636 projeetus
468 2573 523 2620 duro
533 2575 613 2636 patiere
624 2579 633 2606 ‘
643 2575 681 2624 sub
691 2574 763 2622 astris'

233 2661 345 2708 insomnes
355 2661 437 2708 notter.

106 2750 146 2797 Sed
155 2749 295 2812 undequaque
305 2749 381 2797 srrnilis
391 2749 421 2796 est
431 2749 507 2796 Ovidii
517 2750 586 2806 iocus,
601 2759 658 2796 met·
668 2748 698 2796 iv.
715 2759 770 2810 259.

232 2837 315 2884 Tabuit
323 2852 351 2882 ex
362 2837 409 2894 iiio,
424 2833 537 2886 dementit
544 2835 654 2883 amoribus
663 2837 709 2894 usa,

234 2924 391 2987 Nympharum
402 2923 530 2986 impatiens3
547 2933 570 2970 et
580 2931 589 2957 ⁴
598 2923 636 2970 sub
644 2924 709 2989 Jove,
719 2922 783 2971 nodie
792 2919 883 2989 dieque,'

235 3012 294 3061 Sedit
303 3013 373 3062 humo
382 3008 451 3071 nudi,
468 3011 531 3060 nudis
540 3011 637 3060 incomta
646 3011 728 3074 capillis
733 3027 742 3072 5
