2194 3584
36 263 41 302 t
115 257 210 309 veo.
387 237 614 312 nc'nooa
646 253 686 312 11.
899 263 918 326 7

35 383 37 390 “
115 397 227 457 Mona
240 400 345 458 luteola
358 403 453 479 pingit
465 403 594 462 vaccinia
607 373 711 460 cutha.

115 500 185 575 lpse
199 521 254 578 ego
266 501 335 560 caria
348 505 443 580 legam
457 504 554 562 teneri
566 503 703 580 lanugine
715 481 800 574 mala,

115 601 327 681 castaneasque
339 625 436 673 nuces,
448 625 513 664 mea
526 625 596 682 quas
608 605 764 682 Amaryllis
774 607 887 664 amabat
894 631 903 676 ;

115 703 238 766 Addam
255 725 336 764 cerea
353 727 457 784 pnsna3
479 707 568 766 honos
586 703 641 764 erit
657 705 725 766 huic
739 726 852 782 quoque
864 727 915 785 po·

217 828 282 866 mo:
795 867 798 872 .

115 909 159 966 Et
170 929 229 980 vos,
250 911 366 968 olaun'!
388 931 511 987 carpam,
531 919 613 980 etto,
633 910 763 988 proxima
776 913 884 988 myrte!

117 1011 165 1068 Sic
178 1014 277 1088 posrtae
291 1013 428 1089 quoniam
441 1013 538 1070 suaves
551 1012 675 1070 miscetis
688 1014 796 1070 odores.

116 1114 250 1172 Rusticus
263 1133 302 1184 es,
317 1116 466 1192 Corydon;
488 1133 541 1171 nec
554 1122 672 1172 munera
685 1123 766 1171 curat
778 1114 880 1172 Alexis
885 1139 894 1186 3

115 1215 192 1286 Nec,
214 1217 235 1274 fi
247 1217 414 1274 muneribus
427 1226 524 1286 certes,
544 1217 682 1274 concedat
694 1215 788 1273 Iollas.

115 1319 202 1376 Heul
223 1319 294 1376 heu!
317 1319 386 1394 quid
399 1318 477 1376 volui
494 1315 597 1376 misero
609 1317 695 1375 mihil
718 1317 835 1376 floribus
852 1319 916 1376 aus-

121 1413 124 1420 ’
176 1431 283 1492 trum,

116 1522 257 1591 Perditus‚
277 1531 308 1580 et
319 1523 438 1598 liquidis
450 1521 546 1580 inmifi
559 1521 687 1580 fontibus
701 1541 790 1599 apros.

117 1624 219 1682 Quem
236 1625 328 1701 sugis?
356 1625 393 1682 ah
411 1623 540 1682 demensi
569 1623 734 1684 habitarunt
754 1625 784 1690 di
801 1641 915 1702 quoque

236 1727 326 1797 filvas,

116 1830 336 1907 Dardaniusque
350 1829 435 1887 Paris.
476 1827 575 1896 Pallas,
590 1845 659 1904 quas
671 1829 811 1897 condidit,
824 1847 901 1888 arcos

116 1932 180 2008 Ipsa
193 1933 281 1990 colat:
303 1931 386 1989 nobis
399 1931 531 2007 placeant
543 1939 609 1987 ante
621 1930 718 1990 omnia
732 1929 815 1988 silvae.

116 2035 212 2092 Torva
225 2035 313 2092 leaena
324 2035 427 2109 lupum
438 2031 580 2108 sequitur5
594 2032 678 2108 lupus
688 2031 747 2108 ipse
759 2027 914 2109 capellamy
938 2076 940 2080 ·

118 2139 281 2195 Florentenr
294 2136 418 2213 cytisum
431 2133 559 2209 sequitur
572 2133 674 2192 lasciva
687 2135 808 2211 capella;

73 2253 78 2266 ·
117 2241 162 2297 Te
172 2239 316 2316 Corydon,
328 2236 455 2295 oAlexi!
471 2235 559 2294 trahit
569 2235 616 2292 sua
625 2253 768 2314 quemque
775 2237 914 2316 voluptas.

118 2342 253 2418 Adspice,
273 2351 364 2398 aratra
373 2337 445 2415 jugo
458 2339 587 2396 referunt
599 2337 729 2416 suspensa
737 2338 864 2416 juvenci,

120 2445 158 2502 Et
171 2443 211 2500 sol
224 2441 375 2500 crescentis
387 2441 525 2498 decedens
538 2439 666 2515 duplicat
679 2443 807 2500 umbras:

119 2547 172 2605 Me
180 2555 276 2603 tamen
284 2543 344 2602 urit
353 2561 445 2601 amor:
461 2541 611 2618 quiseuim
619 2542 797 2602 modusadfit
805 2545 912 2603 amori?
942 2527 946 2534 ¹

120 2649 170 2706 Ah
182 2647 329 2724 Corydon!
346 2643 497 2722 Corydonl
514 2661 577 2721 quae
591 2651 620 2701 te
633 2645 778 2704 dementia
791 2647 882 2724 cepit!

120 2749 296 2825 Semiputata
310 2747 364 2805 tibi
377 2745 509 2803 frondosa
522 2745 589 2804 vitis
600 2745 631 2802 in
644 2746 724 2804 ulmo
738 2747 786 2805 est.
871 2761 877 2767 “

122 2853 202 2912 Quin
212 2861 243 2910 tu
251 2851 359 2927 aliquid
368 2850 465 2908 saltem
473 2848 577 2926 potius,
588 2867 710 2924 quorum
717 2849 831 2932 indiget
838 2853 913 2924 usur,

121 2955 285 3014 Viminibus
294 2953 433 3030 mollique
445 2969 525 3028 paras
537 2949 670 3009 detexere
679 2950 782 3028 junco?

124 3058 253 3120 Invenies
265 3055 364 3127 alium,
385 3053 405 3113 fi
418 3064 448 3112 te
460 3053 508 3112 hic
520 3053 637 3123 fastidit,
657 3053 775 3115 Alexin.
