2236 3584
75 226 81 238 ·
168 221 225 276 raa
405 179 662 279 “conare
857 229 963 295 eros.

167 373 227 430 Vos
239 381 337 433 manet
348 371 479 434 Heroiim
492 387 589 436 contra
602 395 718 436 manus:
739 375 788 437 hic
801 385 831 435 et
843 385 964 454 uterque

167 473 317 534 JEacides:
339 478 439 536 Peleus
452 497 576 555 namque
588 489 618 538 et
628 479 798 542 Telamonia
810 479 901 538 virtus

126 553 131 572 .
167 577 220 636 Per
233 578 328 638 secura
341 580 428 657 patris
440 581 573 639 laetantur
585 581 714 651 numina,
734 600 857 658 quorum

166 680 328 764 connubiis
341 683 439 740 Venus
452 691 482 740 et
494 683 593 742 Virtus
606 682 734 761 injunxit
745 684 893 742 honorem.
941 729 943 738 .

167 782 257 840 Hunc
269 783 363 861 rapuit
376 783 466 855 serva3
488 785 621 844 astrillum
635 787 739 845 Nereis
752 786 869 845 amavit.

167 883 279 942 Affidet
291 883 345 942 hac
355 883 478 963 juvenis,
498 886 586 944 sociat
599 907 687 964 quem
700 888 798 965 gloria,
818 887 910 960 fortis,

167 986 252 1057 Acer,
272 986 442 1058 inexcuffus,
461 989 587 1048 referens
599 1009 616 1047 a
628 991 747 1049 navibus
759 990 835 1066 ignia

166 1088 309 1166 Amolicis
322 1089 471 1167 Phrygios,
490 1094 571 1150 torva
582 1091 696 1150 feritate
708 1092 841 1169 repulsos.

167 1189 196 1248 0
209 1189 274 1266 quis
286 1209 343 1249 non
358 1193 463 1250 referat
475 1194 539 1251 talis
549 1193 673 1278 *divortia
685 1195 764 1263 belli,

167 1295 244 1352 Quae
255 1291 349 1371 Trojae
361 1295 457 1353 videre
469 1295 533 1366 viri,
546 1295 699 1373 videreque
710 1296 804 1355 Graii!

165 1395 288 1452 Teucria
300 1415 485 1474 cummagno
497 1407 627 1456 manaret
639 1398 778 1476 sanguine
791 1399 884 1468 tellus,

165 1496 205 1555 Et
217 1497 327 1568 Simois,
347 1499 516 1575 Xanthique
529 1500 623 1576 liquor
626 1527 635 1573 ;
657 1502 797 1578 Sigeaque
809 1511 911 1579 preter

157 1599 265 1670 ¹Litora
277 1619 345 1658 cum
355 1601 455 1672 Troas,
474 1602 540 1660 saevi
554 1603 643 1672 ducis,
663 1605 795 1663 Hectoris
807 1604 850 1663 ira

164 1701 195 1758 {V
195 1701 272 1761 idere
284 1701 315 1760 iu
328 1703 427 1774 claffia,
447 1703 567 1762 inimica
579 1714 686 1775 mente,
707 1707 835 1784 Pelasgas

165 1804 303 1875 Vulnera,
324 1807 389 1876 tela,
410 1825 501 1876 neces,
520 1807 605 1885 ignis,
625 1807 731 1866 inferre
743 1817 863 1885 parator.

165 1907 229 1984 Ipsa
237 1905 315 1985 jugis
328 1890 452 1986 namque
465 1909 516 1966 Ida
529 1917 630 1986 potens
643 1910 772 1982 feritatis,
793 1919 823 1968 et
834 1911 895 1989 ipsa

164 2009 264 2086 AEqua
276 1994 352 2069 faces
364 2011 448 2070 altrix
461 2011 572 2088 cupidis
583 2015 727 2088 praebebat
739 2012 872 2084 alumnia,

165 2113 270 2171 Omnis
283 2123 316 2171 ut
329 2113 360 2171 in
373 2113 482 2172 cineres
495 2114 612 2172 Rhoete'r'
624 2115 715 2174 litoris
727 2133 776 2173 ora

165 2215 305 2272 Claffibus
318 2215 461 2285 ambustis,
481 2217 598 2274 flamma
610 2216 769 2294 superante,
788 2220 912 2278 daretur.

163 2317 244 2375 Hinc
257 2325 317 2374 erat
329 2318 472 2395 oppofitus
484 2328 583 2377 contra
594 2319 779 2378 Telamonius
791 2321 882 2393 heros,

163 2419 342 2498 Objebloque
354 2423 440 2480 dabat
452 2423 545 2499 clipeo
556 2425 725 2496 certamina3
746 2434 777 2482 et
788 2425 870 2485 illinc

162 2523 272 2582 Hector
283 2533 352 2594 erat,
365 2522 458 2601 Trojae
471 2524 615 2583 summum
628 2527 728 2584 decus:
754 2545 818 2587 aoer
831 2536 961 2606 uterque,

163 2625 346 2684 Fulminibus
357 2627 430 2684 coelo
442 2627 533 2684 veluti
545 2627 642 2704 fragor
654 2629 747 2688 editus
760 2629 818 2688 alto
822 2653 831 2702 3
948 2683 950 2688 .

162 2727 283 2806 Ignibus
296 2727 345 2786 hic
358 2721 479 2805 telisque
492 2728 584 2806 super,
605 2730 626 2787 fi
639 2730 769 2789 claffibus
781 2733 876 2810 Argos

163 2831 275 2909 Eripiat
287 2831 407 2890 reditus:
429 2831 480 2889 ille
491 2841 526 2889 ut
536 2832 678 2892 Vulcania
690 2834 766 2893 ferro

163 2935 291 2992 Vulnera
304 2934 435 3011 proteffls
447 2935 589 3010 depellere
602 2936 722 2994 navibus
733 2937 828 3016 instet

164 3035 230 3093 Hoc
243 3044 304 3093 erat
316 3036 451 3094 AEacides
463 3037 535 3094 alter
547 3037 659 3095 laetatus
672 3038 792 3097 honore:

165 3135 373 3215 Dardaniaeque
387 3137 458 3198 alter
471 3138 535 3197 fuso
548 3140 627 3216 quod
637 3139 775 3218 sanguine
787 3142 896 3221 campis
