2208 3574
134 201 240 267 v.417.
405 189 408 199 ’
442 198 539 258 LIB.
578 199 618 258 11.
823 225 828 234 ·
868 201 923 254 231

131 350 313 428 Conflignnt,
329 354 542 431 Zephyrusque,
556 353 715 427 Notusque,
729 358 759 406 et
769 350 851 408 laetus
860 349 926 410 Eois

98 481 103 492 =
133 451 226 509 Eurus
238 454 331 529 equis:
353 455 473 514 stridunt
485 455 569 523 silva,
589 453 724 528 saevitque
737 451 855 510 tridenti

132 553 270 627 Spumeus
283 566 368 630 atque
380 557 439 614 imo
452 557 562 614 Nereus
574 555 631 612 ciet
643 571 755 629 aequora
768 552 867 612 fundo,

132 654 179 711 Illi
193 655 289 726 etiam,
310 657 331 716 ss
344 677 414 733 quos
424 658 540 716 obscura
553 658 635 716 nodie
648 675 700 734 per
712 657 843 714 umbram

133 756 271 815 Fudimus
283 759 400 828 insidiis,
420 762 535 836 totique
548 757 718 836 agitavimus
729 759 810 826 urbe,

134 859 295 934 Adparent:
317 861 403 937 primi
415 861 529 938 clipeos,
548 859 725 936 mentitaque
739 859 804 927 tela,

134 960 338 1036 Adgnoscunt;
360 972 446 1038 atque
457 982 515 1032 ora,
536 963 604 1020 sono
617 961 763 1032 discordia,
785 961 907 1038 signant

133 1062 217 1119 Ilicet
229 1064 377 1122 obruimur
389 1083 521 1124 numero:
543 1064 707 1140 primusque
720 1064 858 1123 Coroebus

134 1164 246 1222 Penelei
260 1165 369 1236 dextri,
390 1167 463 1224 divas
476 1165 670 1242 armipotentis
683 1165 719 1221 ad
731 1171 818 1232 aram,

135 1265 311 1322 Procumbit=
334 1267 410 1324 cadit
422 1277 451 1324 et
465 1267 600 1342 Rhipeus,
616 1255 778 1342 justiffimus
791 1283 865 1327 unus

135 1366 198 1423 Oui
212 1367 269 1423 fuit
281 1369 311 1424 in
324 1368 451 1438 Teucris,
471 1377 501 1425 et
515 1367 730 1428 servantissimus
744 1365 833 1442 aequi,

134 1468 188 1528 Dis
200 1469 282 1526 aliter
294 1469 399 1534 visumr
421 1479 543 1546 pereunt
553 1469 742 1546 Hypanisque
751 1469 927 1546 Dymasque,

135 1571 249 1628 Confixi
263 1591 279 1628 a
292 1571 374 1635 sociis
382 1597 391 1644 5
413 1591 465 1632 nec
479 1582 508 1630 te
521 1581 570 1630 tua
583 1571 715 1648 plurima,
736 1571 857 1642 Panthu,

134 1673 291 1731 Labentem
303 1675 401 1750 pietas,
422 1692 475 1735 nec
489 1673 632 1750 Apollinis
644 1673 746 1743 infula,
767 1673 849 1752 terit.

134 1773 215 1832 Iliaci
228 1774 344 1843 cineres,
364 1785 394 1832 et
406 1775 522 1832 flamma
535 1784 663 1839 extrema
674 1762 814 1843 meorum,

21 1917 23 1922 -
133 1875 240 1943 Testor,
260 1875 292 1934 in
305 1875 404 1938 occasu
418 1875 506 1934 vestro
522 1895 575 1940 nec
589 1875 654 1943 tela,
674 1894 727 1932 nec
739 1875 812 1932 ullas

134 1975 271 2034 Vitavilie
283 1977 358 2034 vices
371 1974 520 2046 Danaism5
540 1986 578 2044 et,
600 1976 693 2034 fisata
707 1975 832 2042 firilsent,

134 2077 178 2136 Ut
191 2079 329 2146 caderem,
349 2077 479 2138 meruiise
491 2097 587 2154 mauu.
627 2053 800 2137 Divellimur
812 2077 894 2149 inda,

134 2179 246 2254 Iphitus
258 2189 288 2236 et
301 2179 391 2238 Pelias
404 2199 530 2237 mecum:
552 2197 673 2258 quorum
686 2179 797 2256 Iphitus
809 2197 870 2240 aevo

133 2281 199 2358 Jam
212 2281 332 2358 gravior,
352 2282 440 2339 Pelias
453 2291 482 2339 et
494 2283 608 2341 volnere
621 2283 717 2340 tardus
729 2281 822 2346 mixi.

173 2381 303 2440 Protinus
314 2385 350 2440 ad
362 2383 439 2441 sedes
452 2383 556 2442 Priami
569 2384 691 2459 clamore
704 2383 812 2444 vocati:

134 2485 193 2544 Hic
206 2503 273 2542 vero
285 2486 431 2562 ingentem
445 2495 581 2562 pugnam,
595 2503 649 2542 ceu
661 2493 755 2546 uetera
769 2493 910 2562 nusquam

134 2583 213 2644 Bella
226 2587 328 2656 forent,
349 2587 422 2644 nulli
435 2588 495 2644 tota
507 2597 686 2650 morerentur
697 2587 729 2644 in
741 2589 826 2658 urbe,

134 2688 179 2746 Sic
185 2689 310 2746 Martem
317 2688 501 2756 indomitum,
506 2689 676 2764 Danaosque
687 2690 722 2746 ad
734 2689 806 2751 tetta
819 2689 929 2752 ruentis

135 2790 293 2859 Cernimus,
314 2790 509 2866 obseliumque
521 2790 583 2848 atta
596 2791 735 2848 testudine
749 2791 851 2848 limen.

136 2893 255 2952 Haerent
267 2892 421 2968 parietibus
433 2892 523 2961 scalas,
542 2893 688 2968 postesque
701 2891 717 2948 s
715 2894 752 2950 ub
765 2892 840 2968 ipsos

136 2993 281 3064 Nitnntur
293 2993 437 3071 gradibus,
456 2994 618 3070 clipeosque
630 2995 665 3052 ad
680 2994 737 3052 tela
749 2994 863 3054 finistris

135 3095 255 3156 Proteffi
268 3093 421 3172 objiciunt3
442 3093 577 3172 prensant
589 3095 701 3174 faffigia
713 3096 832 3181 dextris.
924 3111 929 3156 2
