2236 3584
175 197 230 264 162
490 197 517 256 C
529 198 543 256 l
557 197 583 256 R
595 197 610 254 1
624 197 651 257 S.
862 211 890 258 v.
901 197 969 252 504.¹

172 354 319 426 lentaque
332 357 481 428 perpetuas
494 351 632 412 fuderunt
645 348 760 410 brachia
773 366 890 426 pennar.

172 453 244 511 Inde
256 453 324 510 alias
337 453 433 532 partis,
453 453 600 530 minioque
613 452 719 510 infesta
732 450 847 510 rubenti

172 556 273 633 Crura,
293 555 367 617 novi
379 555 485 616 macies
497 555 619 612 obduxit
632 553 759 631 squalida
774 552 853 630 pelli,

172 658 210 714 Et
222 657 342 733 pedibus
356 657 459 716 teneris
473 641 583 734 ungues
595 655 716 714 'confixit
728 663 834 712 acutos.

173 760 211 817 Et
224 767 321 816 tamen
333 757 388 815 hoc
402 759 518 820 demum
530 757 639 815 miserae
651 757 810 815 succurrere
822 756 905 830 paeto

173 861 233 918 Vix
246 860 338 924 suerat
352 859 463 934 placida
475 859 606 936 Neptuni
620 858 741 935 conjuge
753 858 884 934 dignum.

173 962 343 1036 Numquam
355 961 436 1018 illam
448 961 563 1037 posthac
576 961 653 1022 oculi
666 961 761 1018 videre
773 960 888 1020 suorum

174 1065 329 1140 Prupureas
341 1063 416 1120 flavo
428 1047 601 1120 relinentem
613 1062 720 1120 vertice
732 1061 830 1132 vittam

174 1167 244 1225 Non
257 1166 399 1226 thalamus
411 1165 501 1242 Tyrio
513 1167 640 1242 fragrans
653 1165 766 1242 adcepit
779 1183 901 1235 amomo,

174 1269 273 1328 Nullae
286 1269 366 1326 illam
379 1266 469 1329 sedes:
492 1267 564 1343 quid
572 1266 634 1344 jam
646 1287 713 1333 eum
726 1267 838 1330 sedibus
852 1267 911 1325 illia

177 1373 254 1429 Quae
267 1369 349 1427 fimul
362 1378 396 1426 ut
409 1369 466 1446 sese
478 1388 550 1427 cano
561 1371 597 1428 de
609 1369 725 1446 gurgite
737 1370 822 1427 velox

175 1476 252 1532 Cmn
265 1473 361 1530 sonitu
374 1472 410 1530 ad
424 1473 529 1532 eoelum
541 1471 722 1532 stridentibus
734 1471 838 1530 extulit
849 1471 910 1542 alis,

175 1579 213 1634 Et
225 1576 351 1634 multum
363 1575 420 1632 late
433 1573 561 1650 dispersrt
573 1574 605 1630 in
617 1593 729 1650 aequore
742 1591 849 1644 rorem3

175 1677 283 1734 Infelix
295 1675 386 1752 virgo,
407 1675 601 1751 nequidquam
614 1695 630 1732 a
643 1684 734 1738 morte
746 1683 868 1752 recepta,

175 1779 323 1843 Incultum
335 1776 399 1834 solis
413 1777 443 1833 in
457 1777 573 1852 rupibus
586 1775 678 1854 exigit
691 1795 792 1847 aevum,

175 1881 313 1956 Rupibus,
333 1888 362 1938 et
376 1878 508 1954 scopulis,
527 1888 556 1934 et
568 1878 699 1936 litoribua
711 1878 837 1941 desertis'.

68 2005 74 2014 ,
175 1983 239 2040 Nec
253 1992 348 2043 tamen
367 1979 423 2042 huc
440 1979 546 2037 itemm
558 1981 643 2057 poeni
656 1981 729 2038 fine:
751 1999 874 2056 namque
886 1977 985 2046 defin·

253 2105 313 2155 rex,

175 2188 281 2246 Omnia
295 2189 346 2264 qui
359 2189 479 2265 imperio
493 2201 631 2248 terrarum
644 2187 734 2247 millia
746 2189 847 2258 versat,

144 2347 146 2352 .
176 2291 335 2352 Conmotus
349 2291 434 2348 talem
448 2292 484 2348 ad
497 2290 609 2368 superos
622 2291 740 2349 volitare
752 2292 888 2369 puellam,

177 2393 253 2450 Cum
266 2400 347 2468 pater
359 2392 500 2468 extindlus
513 2393 587 2452 caeca
599 2392 652 2450 sub
665 2394 747 2451 noete
759 2394 869 2462 lateret,

176 2494 224 2551 Illi
236 2513 287 2569 pro
300 2493 406 2568 pietate
419 2492 468 2554 sul
482 2497 564 2569 (nam
576 2495 649 2571 saepe
663 2496 771 2573 tepenti

176 2596 321 2672 Sanguine
334 2605 480 2654 taurorum
494 2596 613 2672 supplex
625 2596 789 2673 resperserat
802 2617 871 2667 aras,

176 2702 255 2776 Saepe
267 2699 355 2758 deum
367 2698 448 2775 largo
461 2700 606 2758 decorarat
618 2719 736 2758 munere
749 2700 840 2775 sedes)

177 2801 312 2858 Reddidit
327 2809 464 2876 optatam,
484 2810 595 2860 mutato
607 2820 732 2878 corpore,
754 2802 855 2872 vitam5

173 2904 255 2974 ¹Fecit
268 2913 297 2960 et
310 2903 341 2960 in
355 2902 435 2960 terris
448 2903 606 2960 Haliaeetus
618 2904 675 2962 ales
688 2913 722 2961 ut
734 2903 815 2962 esset:

172 3003 295 3080 ¹(iuippe
306 3003 409 3079 aquilis
424 3003 532 3080 semper
544 3006 650 3080 gaudet
662 3005 731 3064 deus
742 3006 792 3063 ille
805 3006 943 3064 coruscus.

172 3105 255 3182 lsuic
268 3123 334 3170 vero
347 3103 466 3176 miserae,
486 3105 624 3182 quoniam
635 3107 770 3166 damnata
783 3109 903 3168 deorum
