2236 3584
156 201 214 259 134
457 199 651 259 CULEX.
845 205 953 267 v.185.

154 353 214 411 leia
227 351 295 411 levi.
333 354 412 412 Tum
423 355 551 432 profiluit
564 355 747 423 furibundus,
766 361 797 412 et
808 353 894 412 illum

154 455 305 514 Obtritum
318 456 405 514 morti
417 458 507 516 misit:
529 457 577 516 cui
591 457 700 516 dissitus
713 457 807 516 omnis

154 559 276 636 Spiritus
288 558 403 616 excessit
415 559 520 618 sensus.
560 561 647 630 Tum,
662 569 742 617 torva
755 567 903 618 tenentem

154 661 290 730 Lumina,
309 659 434 736 respexit
446 661 606 738 serpentem
618 661 793 720 comminus:
816 662 884 718 inde

107 813 110 820 ,
153 759 281 840 inpiger,
301 763 449 833 exanimis,
463 765 512 821 vix
525 783 630 842 conpos
643 773 749 833 mente,
769 763 887 839 refugit,

154 866 192 922 Et
205 865 335 922 validum
348 865 447 922 dextri
463 874 597 924 truncum
611 865 735 924 detraxit
748 869 881 923 aborno:
1039 925 1042 932 ,

156 967 218 1024 Qui
233 966 313 1024 casus
325 966 446 1024 sociaret
458 987 551 1044 opem,
572 987 716 1026 nomenve
728 969 858 1026 deorum.
964 945 972 954 Ω

156 1069 295 1144 Namque
307 1067 351 1125 illi
364 1069 511 1126 dederitne
523 1069 601 1128 viam
614 1069 738 1139 casusve,
759 1071 872 1138 deusve,

156 1171 276 1229 Prodere
290 1171 324 1228 fit
337 1172 473 1228 dubiumr
495 1171 588 1228 voluit
601 1171 649 1228 sed
662 1171 775 1244 vincere
789 1171 867 1228 tales.

156 1272 283 1331 Horrida
296 1271 435 1348 squamosi
448 1273 589 1331 volventia
603 1275 732 1330 membra
744 1272 883 1341 draconis,

157 1376 257 1450 Atque
270 1373 443 1443 reludantis,
463 1375 567 1432 crebris
579 1375 713 1450 foedeque
725 1373 849 1450 petentis

155 1476 273 1547 Idibus,
293 1475 349 1534 ossa
362 1477 438 1546 serit,
459 1476 582 1552 cingunt
595 1477 652 1552 qui
666 1486 792 1553 tempora
806 1476 908 1534 crisiae:

156 1581 204 1650 Et,
226 1581 376 1657 quoderat
390 1581 495 1649 tardus,
515 1579 607 1638 somni
619 1580 756 1656 languore
768 1589 887 1648 remoto,

155 1682 279 1740 Nescius
292 1681 458 1759 adspiciens,
479 1681 566 1740 timor
578 1683 771 1740 obcaecaverat
784 1690 876 1748 artus:

156 1785 223 1842 Hoc
236 1783 331 1841 minus
344 1783 479 1861 inplicuit
491 1783 553 1841 dira
563 1784 719 1842 formidine
731 1793 869 1842 mentem.

158 1885 256 1944 Quem
268 1887 414 1963 postquam
429 1886 504 1944 vidit
516 1887 620 1944 caesum
631 1876 822 1962 languescere,
835 1885 918 1944 sedit.

173 1989 261 2065 'Jam
270 1988 402 2063 quatitet
411 1986 521 2064 bijuges
531 1987 624 2046 oriens
632 1988 774 2045 Erebocit
782 2006 869 2064 equos
877 1988 957 2057 Nox,
1032 2017 1036 2026 ¹

157 2090 197 2146 Et
208 2089 290 2166 piger
303 2098 402 2147 aurato
414 2090 543 2166 procedit
555 2090 663 2166 Vesper
676 2092 712 2146 ab
725 2089 799 2148 OEti
806 2114 814 2160 ς

155 2192 242 2259 Cum,
254 2209 339 2267 grege
348 2190 493 2268 conpulso,
500 2191 602 2268 pastor,
613 2191 828 2268 duplicantibus
836 2192 955 2264 umbris,

155 2292 255 2360 Vadit,
275 2303 304 2350 et
317 2293 348 2348 in
362 2292 444 2350 fessos
457 2292 587 2368 requiem
601 2293 668 2351 dare
681 2302 816 2370 conparat
830 2305 921 2371 artus:

156 2393 247 2471 Cujus
259 2405 293 2450 ut
305 2394 422 2452 intravit
435 2393 526 2452 levior
537 2413 589 2471 per
601 2413 717 2472 corpora
731 2395 855 2465 somnus,

154 2495 363 2573 Languidaque
376 2495 466 2554 effuso
479 2496 647 2572 requierunt
660 2499 789 2556 membra
802 2499 900 2576 sopore
904 2524 914 2571 3

156 2597 275 2674 Effigies
289 2599 404 2656 adeum
418 2598 526 2656 Culicis
540 2599 665 2668 devenit,
684 2609 714 2657 et
726 2599 780 2668 illi,

153 2700 253 2758 Tristis
267 2703 303 2758 ab
316 2709 430 2769 eventu,
451 2700 558 2758 cecinit
570 2701 699 2759 convicia
713 2702 823 2760 mortis.

153 2803 168 2860 J
171 2801 269 2878 nquit:
294 2802 374 2860 Quid
389 2803 516 2872 meritus,
538 2803 652 2878 adquae
666 2804 922 2873 delatus-acerbas

153 2906 250 2980 Cogor
263 2904 340 2962 adire
355 2906 449 2962 vices?
471 2913 520 2962 tua
534 2905 605 2962 dum
618 2905 692 2962 mihi
705 2906 797 2963 carior
810 2906 871 2982 ipsi

151 3005 293 3064 Vitasuit
306 3005 374 3073 virs,
393 3006 487 3083 rapior
499 3025 549 3082 per
562 2984 661 3064 inania
673 3009 774 3066 ventis.

152 3109 201 3165 Tu
213 3107 307 3166 lentus
322 3108 430 3167 refoves
439 3105 568 3184 jucundi
581 3111 709 3168 membra
722 3111 827 3186 quiete,
847 3163 849 3170 ,
