2236 3584
155 184 210 244 136
261 207 263 214 ·
453 185 651 244 CULEX.
846 184 953 242 wil«

151 337 284 399 Gutturis
297 338 390 398 arenti
403 341 548 400 revolutus
561 341 592 400 in
605 337 704 400 omnia
716 336 808 398 sensu.

153 441 245 511 Quid,
265 440 366 500 saxum
378 444 477 520 procul
490 443 607 502 adverso
619 442 669 519 qui
683 451 782 500 monte
796 439 926 508 revolvit,

153 543 339 602 Contemsssse
351 545 431 604 dolor
443 564 531 621 quem
544 546 664 604 numina
677 544 769 602 vincit
782 544 909 611 acerbus,

153 645 222 706 Otia
236 655 412 723 quaerentem
423 647 541 706 frustra?
562 649 622 706 Vos
634 647 685 714 ite,
705 647 820 724 puelle,

152 750 206 818 Ite,
226 748 329 825 quibus
343 750 429 808 taedas
442 749 577 808 adcendit
590 749 674 807 tristis
688 749 826 824 Erinnya3

154 850 200 910 Sic
214 841 248 908 nt
260 851 378 927 Hymen
391 851 510 928 praefata
523 852 605 910 dedit
616 850 760 910 connubia
772 849 886 908 mortis:

153 955 253 1029 Atque
265 953 334 1012 alias
347 953 404 1012 alio
416 952 516 1012 densat
528 953 612 1031 super
624 952 740 1030 agmine
753 961 873 1022 turmam

153 1054 296 1132 inpietate
309 1055 370 1116 sera
382 1057 534 1114 vecordem
546 1055 686 1140 Colchida
699 1063 830 1122 matrem,

155 1159 253 1218 Anxia
267 1158 395 1218 sollicitis
407 1159 597 1218 meditantem
608 1159 723 1216 volnera
737 1157 824 1228 natis3

156 1263 224 1344 Jam
236 1261 404 1323 Pandionias
416 1260 576 1322 miseranda
588 1262 667 1338 prole
679 1261 797 1338 puellae,

155 1364 289 1424 Quarum
301 1383 357 1422 vox
371 1365 447 1440 Ityn,
469 1373 498 1422 et
512 1365 589 1440 Ityn,
609 1365 686 1440 quod
699 1363 840 1422 Bistonius
855 1363 926 1431 Rex,

155 1466 252 1525 Orbus
264 1467 360 1543 Epope
373 1475 480 1535 maeret,
501 1465 624 1524 volucris
637 1466 751 1524 evenus
764 1465 796 1524 in
809 1483 901 1524 auras.

155 1571 198 1630 At
211 1567 402 1628 discordantes
414 1569 542 1628 Cadmeo
554 1568 663 1626 semine
675 1568 776 1626 fratres

155 1672 221 1752 Jam
234 1670 395 1728 ttneulenta
407 1670 505 1728 ferunt
517 1669 677 1746 infestaque
690 1670 806 1728 volnera
820 1687 922 1745 corpus

156 1773 242 1831 Alter
255 1773 285 1830 in
299 1772 427 1832 alterius:
446 1771 565 1850 jamque
578 1761 720 1832 aversatus
733 1781 863 1847 uterque,
939 1782 941 1787 “

117 1863 122 1872 ’
156 1875 238 1952 Inpia
252 1875 383 1951 germani
395 1884 495 1934 manat
507 1876 586 1951 qnod
598 1873 738 1964 sanguine
750 1875 861 1933 dextra·

195 1977 277 2036 Heu!
298 1977 369 2036 heu!
395 1978 550 2039 mutandus
563 1995 713 2053 nunquam
725 1977 819 2036 labor:
842 1976 955 2040 auferor

273 2079 349 2138 ultra

156 2183 193 2246 In
205 2181 313 2240 diversa
326 2180 432 2257 magis3
454 2181 586 2240 distantia
598 2181 700 2242 limina
714 2202 813 2242 cerno:

157 2283 282 2359 Elyfiam
295 2285 449 2344 tranandus
462 2302 532 2360 agor
544 2285 653 2343 delatus
666 2286 702 2343 ad
720 2287 837 2345 undam.

158 2383 252 2443 Obvia
267 2384 443 2462 Persephone
453 2386 572 2447 comites
585 2388 727 2446 Heroides
739 2397 845 2465 urguet

157 2487 297 2546 Adversas
310 2488 443 2564 praeferre
456 2488 542 2548 faces.
582 2489 703 2548 Aloestis
716 2492 753 2549 ab
766 2491 848 2550 omni

158 2589 301 2652 Inviolata
313 2599 396 2648 vacat
405 2591 484 2661 nuri,
505 2593 583 2666 quod
595 2591 666 2650 saeva
679 2592 778 2652 mariti

157 2695 221 2772 Ipsa
234 2695 290 2752 suis
304 2695 371 2754 fatis
385 2681 504 2754 Admeti
516 2695 575 2753 fata
588 2705 696 2754 morata
709 2697 758 2755 est.
807 2758 810 2764 ,

158 2798 246 2856 Eecei
270 2797 363 2856 Ithaci
376 2797 481 2874 conjux
495 2797 586 2856 fertur
598 2799 684 2856 decus
698 2799 826 2858 scariotis

159 2900 329 2958 Femineum
345 2901 509 2977 incorrupta
523 2901 607 2958 decus
612 2926 621 2973 3
642 2911 741 2960 manet
752 2912 782 2960 et
794 2903 892 2980 procui
905 2902 956 2964 illa
1064 2935 1068 2942 =

157 3002 256 3060 'I'urba
269 3003 350 3060 ferox
359 3001 508 3080 juvenum,
529 3003 594 3062 telis
611 3004 734 3074 confixa,
754 3025 915 3083 procorum.

160 3103 242 3181 Quin
255 3103 357 3172 misera
369 3105 513 3186 Eurydice
527 3114 608 3166 tanto
620 3126 738 3170 maerore
751 3097 878 3180 recedit,'
