2236 3584
168 229 227 296 1061
400 231 726 300 GEORGICON,
870 245 898 288 r.
916 235 961 286 14.

165 386 322 464 Pinguibus
332 408 348 447 a
358 389 480 460 stabulis,
489 407 681 467 meropesque,
693 386 814 462 aliaeque
823 384 963 454 volucres,

165 487 203 546 Et
216 490 348 548 manibus
361 494 467 550 Procne
479 493 576 571 pestus
589 492 697 567 signata
710 487 843 547 cruentis.

166 592 274 650 Omnia
285 611 354 653 nam
367 595 423 652 late
435 593 552 662 vallant,
572 593 700 670 ipsasque
713 589 836 650 volantis
928 613 932 620 ’

167 693 226 752 Ore
239 695 337 752 serunt
349 696 463 753 dulcem
477 695 551 753 nidis
563 695 714 752 inmitibus
727 693 828 750 escam.

167 798 209 855 At
222 797 324 873 liquidi
338 801 432 871 fontes
445 808 474 856 et
485 799 582 875 stagna
595 797 716 856 virentia
729 796 827 854 musco

168 900 281 968 Adfioe
301 908 331 957 et
344 901 446 969 tenuis,
466 901 580 976 fugiens
593 919 644 977 per
656 899 794 977 gramina,
813 897 902 966 rivus;

168 999 321 1078 Palmaque
333 1003 513 1074 vestibulum,
536 1013 587 1060 aut
602 1002 704 1079 ingens
723 1001 847 1071 oleaster,
867 999 966 1057 inum·

246 1106 325 1162 bret:

169 1207 222 1277 Ut,
243 1203 333 1282 quum
346 1207 439 1282 prima
452 1206 517 1264 novi
533 1186 639 1264 ducent
651 1205 783 1264 examina
796 1221 877 1280 reges

169 1309 246 1366 Vere
258 1308 318 1378 suo,
338 1309 475 1385 ludetque
488 1309 560 1366 favis
573 1308 670 1366 emissa
678 1307 823 1384 juventus,

170 1411 276 1470 Vicina
288 1411 392 1469 invitet
404 1413 539 1468 decedere
552 1412 613 1486 ripa
626 1409 710 1468 calori
717 1435 726 1481 ς

171 1513 323 1588 Obviaque
336 1511 466 1590 hospitiis
479 1497 576 1570 teneat
588 1512 786 1570 frondentibus
800 1513 890 1568 arbos.

210 1616 246 1673 In
254 1617 390 1684 medium,
401 1617 450 1675 feu
461 1616 543 1675 stabit
553 1617 638 1686 iners,
649 1617 697 1674 seu
708 1616 841 1693 profluet,
854 1615 968 1684 humor,

155 1731 156 1734 ’
171 1719 353 1777 Transversas
366 1719 463 1776 salices
475 1728 505 1776 et
518 1719 637 1795 grandia
651 1717 759 1795 conjice
772 1718 851 1790 saxa3

173 1806 310 1878 Pontibus
323 1831 355 1878 ut
367 1821 472 1878 crebris
484 1821 587 1898 poffint
599 1821 754 1889 consistere,
774 1831 804 1878 et
817 1820 874 1878 alas

98 1953 99 1960 κ
173 1923 299 1980 Pandere
311 1924 347 1980 ad
360 1923 487 1981 aestivum
501 1921 598 1994 solem,
619 1923 640 1981 st
653 1923 727 1981 sorte
740 1921 878 1980 morantia

174 2025 320 2102 sparserit,
341 2035 391 2084 aut
403 2045 528 2103 praeceps
541 2027 680 2103 Neptuno
692 2023 855 2083 inmerserit
868 2024 971 2082 Eurus.

174 2129 246 2185 Haec
260 2127 370 2185 circum
382 2127 461 2185 casrae
474 2127 588 2199 virides,
608 2137 637 2185 et
650 2128 757 2186 olentia
769 2128 827 2186 late

175 2215 311 2308 'serpylla
330 2239 361 2288 et
373 2231 497 2307 graviter
511 2231 642 2310 spirantis
655 2232 736 2308 copia
750 2231 891 2309 thymbrae

174 2333 296 2403 Floreat,
316 2332 520 2410 inriguumque
534 2333 764 2392 bibant'violaria
778 2333 899 2392 fontem.
1008 2351 1011 2358 ·
1100 2319 1101 2332 ¹

213 2435 277 2512 Ipsa
290 2443 396 2505 autem,
416 2436 464 2493 seu
476 2437 627 2494 corticibus
641 2435 694 2494 tibi
709 2435 771 2494 suta
785 2435 900 2506 caratis,

175 2539 232 2596 Seu
244 2538 323 2595 lento
336 2538 444 2595 fuerint
457 2538 580 2596 alvearia
593 2539 701 2598 vimine
715 2547 803 2608 texta,
853 2544 854 2550 ’

173 2639 321 2714 Angustos
333 2639 458 2698 habeant
471 2637 577 2713 aditus3
600 2660 668 2699 nam
682 2641 789 2717 frigore
802 2641 888 2698 mella

175 2740 264 2818 eogit
276 2741 378 2810 hiems,
391 2727 549 2818 eademque
559 2744 639 2801 ¹calor
651 2743 806 2819 liquefacta
819 2739 957 2799 remittit:
1043 2820 1047 2827 Ι

175 2843 311 2918 Utraque
320 2845 361 2902 vis
373 2845 474 2921 apibus
486 2844 594 2922 pariter
605 2845 759 2902 metuenda
766 2869 774 2914 3
796 2863 890 2920 neque
902 2843 961 2901 illae

175 2945 382 3021 Nequidquam
394 2947 426 3003 in
440 2946 523 3004 tediis
536 2945 669 3004 certatim
681 2945 780 3004 tenuia
793 2947 858 3004 ceri

175 3037 352 3121 ¹spiramenta
366 3048 474 3117 linunt,
494 3047 618 3122 sucoque
631 3057 661 3105 et
673 3047 791 3106 floribus
804 3067 866 3105 oras

175 3147 310 3226 Explent,
321 3149 539 3226 molestumque
552 3149 613 3208 haec
625 3148 685 3227 ipsa
695 3151 732 3209 ad
742 3169 861 3210 munera
872 3149 973 3228 gluten
