2208 3574
116 239 144 291 ν’.
157 238 225 304 470.
422 233 522 290 LIB.
562 233 615 290 ΙΙΙ.
849 225 910 286 265

111 385 209 450 'Addit
221 401 317 463 equos,
338 387 473 464 additque
485 389 584 444 duces:

117 488 282 565 Remigium
296 489 421 565 supplet:
443 488 532 546 socios
544 487 625 545 snnul
639 483 752 544 instruit
765 483 858 542 annis.

116 631 129 670 1,
157 591 267 648 Interea
281 591 393 648 classem
406 591 476 648 velis
493 601 589 666 aptare
598 587 716 665 jubebat

117 691 267 759 Anchises,
286 692 368 750 fieret
380 701 466 750 vento
477 709 555 750 mora
569 709 673 766 nequa
687 687 804 760 ferenti3

119 793 216 850 Quem
230 793 330 850 Phoebi
344 793 483 870 interpres
495 793 588 850 multo
601 792 742 868 conpellat
754 789 874 848 honoret

118 894 270 971 Conjugio,
291 893 427 962 Anchisa,
441 894 559 952 Veneris
573 895 690 969 dignate
703 891 832 969 superbo,

119 997 196 1077 Cura
209 997 305 1064 deum,
324 996 368 1054 bis
383 996 541 1072 Pergameis
553 1005 650 1072 erepte
662 993 762 1063 ruinis,

118 1097 206 1155 Eccel
228 1097 283 1156 tibi
295 1097 431 1155 Ausoniae
444 1097 541 1167 tellus;
563 1097 638 1154 hanc
651 1095 748 1172 adripe
761 1095 860 1153 velia:-
936 1143 940 1150 .

119 1200 157 1259 Et
171 1208 267 1258 tamen
281 1199 354 1256 hanc
366 1200 468 1276 pelago
481 1200 676 1276 praeterlabare
688 1197 801 1258 necesse,
809 1198 861 1254 en:

120 1301 257 1359 Ausoniae
268 1319 331 1379 pars
344 1301 393 1359 illa
406 1302 513 1377 procul,
533 1319 620 1376 quam
633 1300 733 1376 pandit
745 1299 861 1375 Apollo.

120 1403 210 1471 Vade,
230 1403 280 1470 ait,
300 1421 318 1460 o
331 1403 401 1460 felix
415 1403 476 1460 nati
488 1403 608 1479 pietate!
630 1401 700 1477 quid
712 1401 787 1458 ultra

121 1504 270 1572 Provehor,
290 1514 319 1562 et
332 1502 419 1564 fando
430 1503 570 1581 surgentis
582 1506 713 1562 demoror
725 1504 845 1560 austros?

121 1605 186 1664 Noc
198 1606 292 1664 minus
305 1607 515 1674 Andromache,
528 1605 650 1682 digressu
661 1605 758 1662 rnoesta
771 1604 910 1680 supremo,

122 1708 196 1777 Fert,
216 1709 366 1784 picturatas
380 1709 441 1766 auri
454 1707 623 1775 subtemine,
642 1705 732 1774 veliis,

122 1810 159 1868 Et
173 1810 325 1886 Phrygiam
338 1809 462 1868 Ascanio
478 1809 659 1885 chlamydem
664 1833 672 1879 3
694 1827 748 1866 nec
766 1807 843 1866 cedit
859 1808 912 1867 bo·

199 1931 277 1981 nore,
299 1941 303 1950 ·

121 2013 341 2089 Textilibusque
353 2023 451 2070 onerat
465 2012 555 2082 donis,
576 2032 609 2070 ac
622 2011 689 2070 talia
703 2013 794 2070 fatur:

122 2116 234 2192 Adcipe
253 2125 283 2172 et
303 2115 374 2185 haec,
404 2133 543 2172 manuum
564 2114 618 2172 tibi
640 2133 704 2190 quae
727 2121 913 2173 monumenta

198 2235 326 2275 mmmm
438 2261 443 2270 .

123 2318 194 2390 Sint,
205 2337 289 2395 puer,
303 2329 333 2377 et
343 2319 463 2396 longum
471 2317 683 2377 Andromachae¹
689 2317 825 2376 testentur
835 2337 913 2376 amo·

200 2439 270 2488 rem,

123 2521 261 2600 conjugis
273 2523 431 2582 Hettoreae.
470 2524 548 2598 Cape
562 2523 640 2579 dona'
648 2531 774 2580 extrema
787 2531 914 2594 tuorum,
944 2560 946 2563 -

122 2623 152 2682 Ο
165 2623 238 2681 mihi
251 2624 308 2683 sola
321 2624 379 2682 mei
392 2624 474 2700 super
485 2624 663 2699 Astyanactis
675 2623 784 2700 imagol

123 2727 170 2785 sic
183 2727 288 2798 oculos,
310 2727 347 2784 fic
359 2727 409 2784 ille
421 2745 530 2796 manus,
552 2727 589 2783 sic
601 2745 658 2792 ora,
680 2727 802 2785 serebat:

123 2829 162 2905 Et
174 2847 251 2886 nunc
264 2829 366 2904 aequali
378 2838 473 2886 tecum
486 2827 651 2904 pubesceret
663 2847 732 2887 aevo.

114 2953 119 2960 ·
163 2931 225 2988 Hos
237 2949 291 3006 ego
303 2931 463 3008 digrediens
475 2930 600 2988 lacrimis
612 2931 729 2989 adfabar
741 2931 864 2990 obortis:

123 3031 221 3090 Vivite
232 3033 339 3100 felices,
359 3032 462 3107 quibus
475 3033 514 3088 est
528 3034 650 3090 Fortuna
663 3034 774 3110 peratia

123 3135 189 3210 Jam
202 3132 263 3192 sua:
286 3133 402 3196 nonalia
414 3151 451 3190 ex
464 3133 527 3191 aliis
539 3133 570 3192 in
582 3135 642 3194 sata
654 3153 805 3193 vocamurz
