2208 3574
125 223 155 266 n.
166 205 233 266 362.
382 259 387 268 ,
438 211 537 270 LIB.
575 211 632 270 ΠΙ.
863 209 918 268 udi

126 362 196 420 Fare
213 381 266 440 age
286 371 423 441 (namque
440 385 556 425 onmem
569 366 683 428 cursum
700 363 774 424 mihi
791 365 921 442 prospera

164 519 166 526 ,
203 464 279 522 dixit

126 565 248 642 Religio,
269 575 298 624 et
310 568 406 626 nuncii
418 568 565 626 suaserunt
577 569 696 628 numine
709 567 770 628 divi

17 745 19 754 Ι
124 667 240 726 Italiam
252 680 359 744 petere,
379 681 409 727 et
421 679 509 728 terras
522 679 632 728 tentare
645 671 779 747 repostas:

125 769 189 826 Sola
203 787 320 839 novum,
340 771 475 848 diemque
489 773 579 840 nefas,
599 774 726 848 Harpyia
740 771 857 830 Celaeno

124 871 291 948 Prodigium
303 874 390 942 canit,
410 885 439 931 et
453 874 536 932 tristia
549 875 700 934 denuntiat
712 873 777 940 iras,

123 971 342 1049 obscenamque
354 975 474 1049 samem)
489 995 554 1051 quae
565 976 658 1053 prima
671 975 796 1051 pericula
809 973 884 1045 vito;

125 1075 242 1133 Quidve
254 1075 373 1152 sequens
386 1086 479 1135 tantos
494 1077 594 1154 possim
607 1077 738 1154 superare
751 1078 878 1134 labores?

161 1178 220 1236 Hic
234 1181 371 1248 Helenus,
391 1181 466 1238 caefis
483 1181 609 1258 primum
622 1181 657 1237 de
670 1197 750 1236 more
758 1179 898 1254 juvencis,

121 1281 228 1338 Exorat
240 1301 339 1357 pacem
352 1283 458 1352 divom,
478 1282 622 1357 vittasque
634 1281 749 1340 resolvit

121 1383 227 1440 Sacrati
239 1383 350 1459 capitis,
371 1402 473 1459 meque
486 1385 522 1442 ad
536 1389 584 1440 tua
598 1383 710 1454 limina,
731 1382 845 1451 Phoebe,

121 1485 185 1560 Ipse
197 1503 294 1554 manu,
314 1485 406 1542 multo
419 1485 583 1562 suspensum
596 1485 724 1554 numine,
743 1485 840 1556 ducit;

121 1587 220 1662 Atque
232 1586 294 1644 hacc
307 1585 411 1644 deinde
425 1587 503 1645 canit
515 1587 616 1646 divino
628 1605 665 1644 ex
677 1605 726 1644 ore
739 1585 879 1645 sacerdos:
943 1645 944 1650 ,

159 1687 311 1758 Natedet,
332 1707 400 1746 nam
412 1698 442 1746 to
454 1687 607 1766 majoribus
620 1688 662 1746 ire
674 1707 724 1764 per
736 1687 829 1746 altum

118 1788 264 1866 Auspiciis
276 1790 423 1848 manifesta
436 1791 519 1848 fides:
541 1791 579 1848 fic
591 1791 650 1848 fata
663 1791 751 1847 dcdm
764 1809 815 1848 rex

120 1891 252 1962 Sortitur,
273 1892 418 1968 volvitque
431 1891 521 1962 vices;
542 1892 566 1949 is
580 1892 700 1949 vertitur
711 1894 797 1949 ordo:

120 1993 212 2050 Pauca
226 1993 279 2050 tibi
291 2013 308 2050 e
321 1994 428 2063 multis,
449 2012 506 2069 quo
519 1993 609 2050 tutior
621 1993 731 2070 hospita
744 1993 841 2052 lustros

119 2094 258 2169 AEquora,
278 2103 308 2152 et
320 2094 449 2152 Ausonio
461 2095 542 2170 poffis
555 2095 698 2152 confidere
710 2104 804 2171 portu,
851 2154 854 2160 ,

119 2195 278 2272 Expediam
291 2196 388 2267 diuis,
409 2196 561 2272 prohibent
574 2215 642 2253 nam
654 2204 747 2254 cetera
759 2199 852 2256 Parcae

118 2297 204 2364 Scire,
225 2298 370 2359 Helenum
383 2298 495 2374 farique
507 2306 585 2355 vetat
597 2297 728 2358 Saturnia
738 2285 825 2374 Juno.

157 2399 309 2476 Principio,
330 2399 453 2470 Italiam,
480 2417 567 2475 quam
586 2407 619 2456 tu
633 2397 696 2474 jam
714 2417 775 2459 rere
795 2399 911 2477 propin·

234 2521 330 2576 quam,

117 2601 301 2678 Vicinosque,
322 2602 431 2677 ignare,
451 2619 531 2676 paras
543 2601 677 2660 invadere
689 2609 797 2677 portus,
897 2605 898 2610 ’

117 2706 218 2780 Longa
230 2703 329 2780 procul
341 2703 435 2779 longis
447 2703 494 2760 via
506 2702 609 2760 dividit
620 2703 698 2760 invia
712 2702 801 2763 tenis-

117 2807 196 2864 Ante
209 2815 239 2862 et
250 2805 397 2863 Trinacrii
409 2805 559 2862 lentandus
572 2823 665 2862 remus
678 2805 708 2862 in
722 2805 809 2872 undd,

116 2908 159 2965 Et·
167 2905 231 2964 salis
244 2905 366 2964 Ausonii
378 2906 553 2968 lustrandum
567 2907 684 2963 navibus
696 2922 801 2981 aequor,

117 3006 285 3082 infernique
296 3007 384 3078 lacus,
404 3008 552 3082 AEaeaeque
564 3006 657 3064 insula
670 3007 771 3075 Circae,

119 3111 218 3169 Quam
230 3110 293 3169 tuta
305 3111 501 3188 poffisurbem
513 3127 672 3186 conponere
684 3108 774 3170 terra.-
