2194 3584
136 233 228 284 v.50.
384 225 609 286 ECLOGA
646 227 715 285 VII.
898 235 936 298 27

137 380 263 457 Semper,
283 387 313 438 et
326 380 440 442 adsidui
451 382 541 460 postes
553 381 674 459 fuligine
687 379 773 457 nigri.

136 483 198 540 Hic
212 491 326 540 tautum
337 485 434 542 Boreae
445 503 577 544 curamus
589 484 705 561 fiigora,
716 486 856 560 quantum

137 585 202 642 Aut
214 603 367 644 numerum
379 586 470 662 lupus,
490 595 540 644 aut
551 585 687 644 torrentia
700 585 819 642 flumina
830 584 913 661 n'pas.

465 707 624 746 conrnou.

139 790 223 847 Stant
235 797 265 847 et
271 788 405 866 juniperi,
426 797 456 848 et
469 790 603 848 castaneae
616 789 745 858 hirsutae;

138 893 233 950 Strata
241 891 338 968 jacent
350 891 450 968 paffim
462 893 511 950 sua
524 892 636 978 quaque
649 891 700 949 sub
711 894 808 949 arbore
820 911 903 968 poma
910 918 919 964 5

138 995 248 1054 Omnia
261 995 456 1054 nuncrident:
479 1003 517 1064 at,
537 995 708 1052 fisonnosus
718 995 819 1053 Alexis

139 1098 292 1156 Montibus
304 1098 350 1156 his
362 1099 453 1166 abeat,
472 1097 567 1156 videas
580 1105 610 1154 et
623 1096 743 1164 flumina
756 1097 837 1157 sicca.
897 1139 902 1148 -

225 1217 228 1220 ·
463 1213 606 1259 rususis.

140 1304 215 1360 Aret
226 1321 307 1378 ager3
329 1301 401 1360 vitio
414 1301 536 1360 moriens
549 1300 608 1359 fitit
620 1301 691 1360 adn's
703 1301 790 1360 herba
797 1324 806 1372 ς

141 1405 228 1462 Liber
239 1404 403 1481 pampineas
415 1403 521 1462 invidit
532 1403 652 1462 collibus
664 1405 792 1462 umbras:

142 1507 280 1584 Phyllidis
293 1508 417 1564 adventu
429 1505 528 1564 nostrae
541 1513 641 1564 nemus
653 1524 738 1564 omne
749 1506 864 1577 virebit,

141 1609 274 1689 Juppiter
285 1617 316 1665 ct
327 1608 394 1666 laeto
406 1608 559 1666 descendet
569 1607 709 1684 plurimus
721 1608 817 1666 imbri.

465 1729 624 1768 conrnos.

180 1813 303 1890 Populus
315 1811 426 1870 Alcidae
439 1811 600 1888 gratiffima,
621 1810 686 1870 vitis
699 1811 813 1882 Iaccho,

142 1915 282 1974 Formosa
294 1923 404 1990 myrtus
418 1913 532 1981 Veneri,
552 1913 602 1972 sua
615 1914 710 1971 laurea
723 1914 843 1985 Phoeso,

143 2018 248 2095 Phyllis
261 2025 340 2075 amat
348 2015 476 2074 conrlos:
497 2016 560 2073 illas
573 2017 644 2073 dum
655 2014 763 2092 Phyllis
775 2015 895 2085 amabit,

144 2121 208 2178 Nec
216 2128 327 2196 myrtus
339 2118 435 2176 vincet
445 2117 564 2187 corulos,
577 2135 631 2176 nec
643 2117 738 2176 laurea
748 2117 856 2175 Phoebi.

470 2237 611 2278 rurasrs.

144 2323 280 2384 Fraxinus
291 2323 323 2381 in
336 2321 410 2380 silvis
422 2320 619 2399 pulcherrima,
639 2319 723 2397 pinus
735 2319 766 2378 in
779 2319 876 2392 hortis,

143 2427 265 2504 Populus
277 2426 309 2484 in
321 2423 426 2493 fluviis,
446 2422 523 2482 abies
536 2423 567 2482 in
580 2422 724 2482 montibus
737 2423 815 2480 altis:
899 2429 903 2438 ’

145 2536 252 2612 Saepius
265 2541 296 2590 at
309 2532 329 2590 fi
342 2548 398 2598 me,
419 2528 527 2604 Lycida
540 2525 670 2596 formose,
690 2525 800 2597 revisas,

143 2638 282 2700 Fraxinus
294 2635 327 2692 in
339 2631 413 2692 silvis
426 2631 508 2690 cedat
520 2629 584 2701 tibi,
597 2628 681 2705 pinus
693 2628 723 2686 iu
736 2627 834 2686 hortis.

308 2807 312 2814 ι
449 2749 626 2790 uncinosus.

143 2847 217 2904 Haec
224 2839 354 2909 memini,
361 2843 392 2894 et
399 2835 508 2894 victum
519 2831 619 2906 frustra
626 2832 798 2890 contendere
803 2829 938 2908 Thyrsin.

144 2949 190 3006 Ex
202 2945 254 3003 illo
267 2940 410 3018 Corydon,
429 2935 565 3015 Corydon
576 2934 617 2993 est
628 2942 756 3011 tempore
768 2931 859 2992 nobis.
