2236 3584
164 247 273 304 aaron.
488 243 650 304 CIBIS.
710 227 713 234 '
901 251 966 314 :aaa

169 398 270 475 Atque
277 394 389 458 novum
402 407 508 468 aeterno
521 400 674 478 praetexite
685 396 793 458 honore
802 397 952 459 ‘volumem

210 502 282 558 Sunt
295 497 457 561 Pandioniis
469 503 572 561 vicinae
585 503 697 561 sedibus
707 505 801 574 urbes,

169 603 283 661 Adlaeos
295 603 373 662 inter
384 605 474 674 oollia,
495 615 525 664 et
536 605 656 663 candida
668 604 774 662 Thesei

170 705 322 780 Purpureis
334 707 392 765 late
405 708 526 766 ridentia
539 707 622 766 litora
635 707 752 766 conchis
761 729 775 765 :.

171 805 304 865 Quarum
318 827 377 866 non
389 810 442 866 ulli
455 811 533 867 famd
546 810 701 868 concedere
714 810 812 886 digna,

170 907 233 964 Stat
245 910 374 986 Megara,
394 912 486 970 Adaei
500 913 644 988 quondam
656 913 767 969 munita
779 913 875 970 labore
952 919 955 929 '

170 1009 316 1080 Alcathoi,
338 1013 492 1090 Phoebique
498 1039 508 1084 ςῚ
520 1015 596 1072 'deus
609 1031 732 1089 namque
745 1013 839 1071 adsuit
851 1013 910 1070 illle

171 1111 258 1170 Unde
270 1114 368 1184 etiam,
388 1115 505 1174 citharae
517 1135 599 1174 voees
611 1116 740 1174 imitatus
752 1125 858 1186 acutas,

170 1215 250 1292 saepe
262 1215 334 1292 lapis
346 1228 473 1295 recrepat
485 1217 618 1294 Cyllenia
632 1235 750 1275 munera
765 1218 872 1294 pulsus,
954 1278 957 1286 ,

171 1317 209 1374 Et
222 1330 347 1382 veterem
359 1320 455 1377 sonitu
468 1321 568 1379 Phoebi
582 1320 698 1377 testatur
711 1319 858 1380 honorem.

165 1419 257 1476 rHane
270 1423 380 1490 urbem,
395 1432 462 1480 ante
474 1423 543 1481 alios
557 1423 608 1500 qui
621 1432 684 1480 tum
697 1420 816 1480 florebat
828 1423 860 1480 ln
873 1422 967 1495 armis,

172 1521 289 1580 Fecerat
302 1523 442 1594 infestam,
463 1526 613 1602 populator
625 1526 743 1602 remige,
764 1525 880 1583 Minoae

172 1623 305 1700 Hospitio
318 1628 394 1701 quod
408 1626 437 1684 se
449 1627 512 1684 Nisa
527 1628 656 1705 Polyidos
670 1627 755 1697 avito,
821 1643 825 1648 ’

172 1725 360 1802 Carpathium
374 1729 489 1806 fugiens
502 1739 532 1787 et
544 1730 664 1788 flumina
678 1731 814 1797 Caeratea,

171 1826 306 1888 Texerat.
346 1825 433 1888 Hunc
446 1831 522 1889 bello
536 1841 665 1908 repetens
678 1833 835 1909 Gortynius
849 1834 952 1898 uerear

172 1930 272 1987 Attica
285 1932 396 1990 Cretaed
409 1933 550 1992 sternebat
561 1953 625 1992 rura
638 1935 750 2010 sagitta.

171 2033 226 2090 Sed
238 2051 332 2108 neque
345 2044 414 2092 tunc
427 2035 514 2106 cives,
535 2053 629 2112 neque
640 2045 709 2094 tuno
723 2055 773 2094 rex
785 2038 844 2115 ipse
857 2049 971 2098 veretur

173 2135 278 2193 Infesto
291 2136 327 2192 ad
341 2153 436 2194 muros
449 2138 595 2196 volitantis
607 2138 722 2214 agmine
735 2149 842 2198 turmae
952 2138 955 2146 '

172 2237 295 2308 Ducete,
315 2247 345 2296 et
357 2239 499 2298 indomita
511 2240 617 2298 virtute
630 2243 781 2299 retundere
794 2243 913 2300 mentio:

174 2339 349 2416 Responsum
362 2335 498 2416 quoniam
511 2342 577 2402 satis
589 2343 629 2400 est
641 2344 799 2402 meminisse
811 2346 942 2408 deorum.

173 2441 252 2498 Nam
265 2442 359 2520 capite
372 2462 389 2500 a
402 2442 513 2500 summo
526 2445 610 2520 regie,
630 2445 761 2504 mirabile
771 2447 868 2504 distul

57 2597 63 2606 ,
174 2544 304 2602 Candida
317 2545 455 2617 caesariea5
477 2546 617 2604 florebant
631 2557 758 2623 tempora
771 2549 851 2608 lauro
859 2575 871 2622 a

173 2639 216 2704 Aa
228 2647 322 2704 roseus
334 2648 430 2704 medio
441 2648 571 2724 fulgebat
584 2648 690 2708 vertice
702 2650 805 2708 erinis:

174 2747 264 2826 Cujus
277 2769 363 2826 quarn
377 2751 484 2808 servata
497 2751 546 2808 diu
560 2761 661 2809 nature
673 2751 778 2822 suisset,

173 2851 248 2909 Tam
265 2854 388 2929 patriam
403 2853 579 2912 incolumem
598 2853 671 2922 Nisa,
696 2871 874 2931 regnumque
892 2855 972 2918 futu-

253 2971 327 3024 mm,

175 3057 337 3116 Concordes
350 3057 442 3116 stabili
455 3058 606 3117 simiarum
619 3058 737 3115 numine
751 3060 853 3120 Parce.

175 3158 253 3236 Ergo
266 3159 360 3224 omnio
370 3179 440 3220 coro
448 3161 589 3220 relidebat-
598 3179 664 3219 eura
677 3159 779 3237 capillo
783 3183 794 3232 3
