2194 3584
125 236 221 310 v.96.
368 239 592 300 ECLOGA
624 241 679 300 III.
890 248 924 300 13

451 416 616 455 ulmus.
658 371 661 378 Δ

126 495 242 573 Tityre,
262 496 401 572 pascentis
415 515 431 555 a
444 499 565 556 flumine
578 499 652 556 mice
665 497 802 574 capellas3

127 599 205 675 Ipse,
226 599 278 656 ubi
292 609 403 677 tempus
415 600 478 669 erit,
499 600 591 658 omnis
603 600 635 656 in
648 600 729 657 fonte
742 600 851 658 lavabo.

446 719 620 760 mmcls.

127 802 237 879 Cogite
250 801 319 874 ovis,
340 803 439 879 pueri;
460 804 481 861 fi
495 804 539 862 lac
551 802 716 880 praeceperit
730 801 819 868 aestus,

128 905 175 962 Ut
188 924 289 982 nuper,
309 905 409 963 frustra
421 905 605 982 prestabimus
619 907 705 962 ubera
718 903 830 980 palmis.

448 1026 614 1064 mmmm.

127 1107 215 1165 Heu!
236 1091 311 1166 heu!
334 1124 421 1183 quam
441 1108 543 1184 pingui
564 1123 661 1166 macer
680 1107 719 1165 est
739 1107 813 1164 mihi
834 1115 931 1165 taurus

210 1209 242 1267 in
256 1209 339 1268 ervol

131 1313 216 1370 Idem
226 1331 306 1370 amor
317 1309 440 1372 exitium
452 1309 558 1388 pecori,
577 1312 744 1392 pecqrisque
757 1309 901 1387 magistro.

448 1432 621 1472 manucla.

131 1516 190 1574 His
198 1524 274 1574 certe
282 1535 375 1591 neque
382 1534 461 1572 amor
469 1516 561 1572 cauffa
569 1516 608 1572 est
613 1541 622 1586 i
637 1515 685 1572 vix
694 1514 921 1572 offibushaerent.

132 1618 250 1686 Nescio,
269 1617 332 1694 quis
345 1629 454 1675 teneros
466 1618 564 1674 oculus
577 1617 650 1674 mihi
664 1616 784 1674 fascinat
797 1636 893 1692 agnos.

454 1739 620 1778 mmmm.

134 1822 202 1890 Dic,
223 1821 326 1897 quibus
338 1821 370 1877 in
383 1819 473 1890 terris,
487 1831 516 1878 et
528 1821 583 1878 eris
595 1821 669 1878 mihi
682 1839 804 1896 magnus
817 1819 934 1897 Apelle,

132 1923 201 1982 Tris
213 1931 308 2000 pateat
321 1923 387 1979 coeli
401 1922 523 1998 spatium
537 1941 595 1980 non
608 1923 731 1999 amplius
744 1923 835 1980 ulnas.

449 2044 622 2082 nsulncls.

137 2127 203 2196 Dic,
223 2126 326 2202 quibus
338 2125 367 2182 in
384 2125 464 2183 terris
477 2126 606 2205 inscripti
620 2127 736 2184 nomina
749 2145 849 2204 regum

137 2227 300 2286 Nascantur
312 2229 395 2286 flores
403 2254 413 2300 3
434 2239 464 2286 et
474 2228 604 2305 Phyllida
618 2229 690 2287 solus
703 2231 816 2288 habeto.

455 2350 624 2390 PALAEMoN.

140 2425 208 2490 Non
222 2431 346 2489 nostrum
360 2432 436 2488 inter
449 2453 496 2490 vos
510 2442 600 2502 tantas
614 2452 774 2510 conponere
787 2433 861 2492 litis:

140 2536 177 2592 Et
189 2534 278 2592 vitula
292 2543 324 2590 tu
338 2533 451 2608 dignus,
472 2543 501 2591 et
514 2534 561 2592 hic
569 2560 578 2606 3
600 2545 630 2592 et
642 2535 772 2610 quisquis
785 2555 893 2594 amaros

141 2635 203 2693 Aut
214 2644 333 2702 metuet,
353 2634 444 2692 dulcis
458 2643 507 2693 aut
520 2635 690 2714 experietur,
704 2655 821 2695 amores.

142 2737 274 2796 Claudite
283 2735 343 2814 jam
357 2729 450 2826 rivos(
459 2737 556 2814 pueri:
580 2737 621 2796 sat
632 2747 712 2816 prata
724 2738 867 2798 biberunt.
