2208 3574
146 211 256 275 nnn
364 159 367 166 ⁴
460 207 557 263 urs.
597 180 681 263 n..
882 209 939 261 sss

149 359 261 428 Qualis,
274 359 324 418 ubi
334 359 366 417 in
376 360 470 418 lucem
480 363 605 429 coluber,
616 359 690 417 mals
701 356 828 434 graiuins
838 356 939 432 pastus,

146 460 262 536 Frigida
275 459 326 518 sub
340 463 413 520 terri
426 463 568 520 tumidum
580 479 667 537 quern
683 462 783 517 bruma
796 459 926 534 tegebat3

146 561 245 628 Nunc,
264 563 361 637 positis
377 582 466 620 novus
479 563 598 632 exuviis,
619 561 782 636 nitidusque
791 557 919 635 juventi,

142 647 270 721 ¹Lubrica
282 665 438 733 convolvit,
457 664 568 722 sublato
579 665 699 742 pectore,
720 671 808 738 terga,

146 765 265 822 Arduus
278 767 313 822 ad
327 766 425 835 solem,
444 775 473 823 et
486 766 592 842 linguis
605 765 692 822 micat
705 783 753 822 ore
765 762 895 820 trisulcis.

147 865 216 923 Uns
226 867 329 942 ingens
339 868 481 943 Periphas,
491 875 529 936 et,
537 887 676 943 equorum
686 849 809 942 agitetur
817 861 941 924 Achillis

147 967 293 1044 Ariniger,
306 949 506 1040 Automedon5
527 969 585 1026 unit
597 969 691 1027 omnis
704 967 799 1043 Scyria
812 968 901 1044 pubes

147 1070 309 1126 Succedunt
322 1071 406 1140 tecto,
427 1079 457 1128 et
469 1071 598 1128 flammas
611 1072 647 1128 sd
659 1069 785 1126 cultniua
794 1068 910 1146 jactant.

146 1171 298 1246 lpseinter
309 1171 416 1247 primos
429 1173 564 1248 consepti
576 1173 645 1229 dura
659 1171 778 1246 bipenni

147 1271 261 1328 Limina
273 1273 442 1349 perrumpit,
462 1275 608 1349 postesque
620 1293 637 1330 a
648 1273 763 1331 cardine
774 1273 856 1331 vellit

146 1373 278 1430 AEratos:
296 1373 424 1450 jamque,
444 1374 537 1432 excisi
547 1377 639 1444 trabe,
659 1375 741 1432 firma
754 1375 865 1432 cavavit

147 1475 268 1544 Robura,
289 1484 318 1532 et
330 1477 479 1552 ingentem
491 1477 549 1534 lato
562 1477 642 1534 dedit
654 1496 702 1534 ore
714 1478 873 1536 fenestram.

146 1577 275 1650 Adparet
289 1578 389 1634 domus
401 1577 490 1645 intus,
510 1588 539 1635 et
551 1578 624 1636 atria
637 1578 723 1654 longa
736 1578 898 1654 patescunt;

146 1677 296 1757 Adparent
310 1679 413 1750 Priami
431 1690 461 1735 et
473 1689 602 1737 veterum
615 1681 771 1756 penetralia
783 1699 910 1756 regum:-·

146 1779 338 1855 Armatosque
351 1780 448 1837 vident
456 1781 560 1838 'stantis
573 1781 603 1837 in
615 1781 717 1838 lirnine
728 1781 830 1858 primo.
857 1765 859 1769 ,
989 1761 992 1770 i

186 1881 228 1936 At
240 1882 341 1938 domus
354 1882 473 1938 interior
485 1881 605 1958 gemitu,
618 1882 777 1958 miseroque
791 1884 928 1953 tumultu,

147 1981 301 2054 Miscetur3
322 1985 494 2060 penitusque
507 2003 587 2042 cavae
593 1985 778 2062 plangoribus
791 1985 864 2042 aedes

147 2085 288 2142 Femineis
301 2086 413 2143 ululant
419 2111 428 2157 3
450 2086 517 2144 ferit
530 2105 615 2144 aurea
628 2087 716 2144 fidera
726 2087 844 2147 'clamen

146 2187 225 2244 Turn
237 2188 347 2262 pavidae
361 2188 441 2244 tectis
454 2199 557 2246 matres
569 2189 735 2265 ingentibus
749 2198 853 2257 errant,

148 2289 355 2364 Amplexaeque
368 2299 466 2346 tenent
478 2289 577 2365 postes,
597 2299 684 2364 atque
697 2289 791 2347 oscula
804 2290 907 2366 figunt.
972 2334 974 2340 ,

147 2391 236 2446 Instat
250 2390 278 2447 vi
291 2391 382 2466 patrii
396 2391 534 2466 Pyrrhus3
553 2410 606 2448 nec
617 2391 744 2460 claustra,
764 2410 857 2467 neque
869 2392 921 2469 ipfi

148 2492 292 2560 Custodes,
312 2491 427 2548 sufferre
440 2493 549 2550 valent:
570 2493 648 2550 labat
661 2494 749 2550 ariete
760 2495 859 2551 crebro

148 2595 250 2672 anua,
271 2603 301 2650 et
314 2594 403 2651 emoti
415 2597 606 2670 procumbunt
619 2596 732 2654 cardine
745 2595 843 2670 postes.

148 2695 195 2754 Fit
207 2697 251 2753 via
264 2696 306 2753 vi:
329 2705 467 2772 rumpunt
479 2697 581 2767 aditus,
601 2697 765 2773 primosque
778 2696 921 2756 trucidant

148 2797 256 2854 lnmissi
269 2798 373 2874 Danai,
394 2806 424 2854 et
437 2799 494 2855 late
506 2797 569 2856 loca
581 2799 674 2856 milite
686 2797 830 2874 conplent.

149 2899 219 2956 Non
232 2899 279 2968 fic,
300 2899 452 2975 aggeribus
464 2900 563 2976 ruptis,
583 2919 672 2974 quum
685 2901 817 2977 spumeus
830 2900 921 2960 amnis

146 3001 239 3073 Exiit,
259 3003 454 3078 oppoiitasque
467 3003 554 3062 evicit
566 3003 681 3080 gurgite
693 3003 791 3074 moles,

151 3104 250 3162 Fertur
260 3103 290 3162 in
301 3123 367 3164 arva
375 3104 604 3179 surenscumulo,
614 3123 783 3184 camposque
790 3103 940 3182 peremnis
