2194 3584
127 258 158 299 v.
170 247 219 297 42.
445 237 543 294 LIB.
584 235 623 293 11.
890 233 929 294 6³

127 395 202 454 Non
214 411 269 470 ego
283 393 386 452 cuneta
398 392 470 452 meis
484 391 617 469 ampledti
630 391 753 450 verfibus
767 399 850 468 opto,

6 521 7 526 ¹
130 497 212 565 Non,
226 496 300 554 mihi
312 497 332 553 sr
346 495 455 571 linguae
468 503 587 552 centum
600 493 664 562 sant,
685 513 790 570 oraque
803 503 930 564 centum,

129 601 232 658 Ferrea
246 619 316 658 vona
338 600 413 668 ades,
433 607 463 656 et
475 598 561 676 primi
574 597 639 675 lege
651 598 743 656 litoris
755 617 849 670 oram,
920 677 922 684 Ι

129 705 168 761 In
181 703 313 763 manibus
326 711 423 762 terras:
445 723 502 760 non
517 701 566 762 hic
580 677 609 760 te
620 701 746 760 carmine
758 690 836 772 fibro,

130 811 233 884 Atque
245 786 296 885 per
309 811 443 884 ambages
456 817 487 864 et
499 808 585 884 longa
596 806 704 874 exorsa,
724 809 837 864 tenebo.

171 913 279 988 Sponte
291 912 341 969 sua
354 931 418 987 quae
431 911 460 968 se
474 911 580 968 tollunt
592 903 624 967 in
637 910 755 968 luminis
767 929 859 979 auras,

131 1017 293 1074 Infecunda
306 1015 433 1091 quidem,
453 1013 502 1072 sed
514 1015 581 1072 laeta
593 1023 623 1071 et
636 1013 732 1082 fortia,
752 1013 887 1091 surgunt:
923 1011 926 1016 ’

133 1121 251 1197 Quippe
265 1118 323 1178 solo
341 1131 441 1178 natura
459 1119 562 1176 subest.
601 1119 713 1176 Tamen
730 1117 792 1176 haec
803 1137 929 1195 quoque,

209 1224 308 1301 fiquis
727 1283 729 1290 ,

131 1327 251 1395 luserat,
272 1335 322 1385 aut
333 1325 479 1384 scrobibus
491 1327 609 1385 mandet
622 1333 733 1383 mutata
746 1324 764 1381 s
761 1325 878 1394 ubadiis,

130 1431 273 1495 Exuerint
287 1431 439 1488 silvestrem
451 1431 594 1500 animum;
616 1429 754 1506 cultuque
766 1423 911 1507 frequenti

130 1536 168 1592 In
181 1553 372 1612 quascumque
387 1555 468 1593 voces
482 1536 551 1592 artis
563 1535 640 1591 haud
653 1533 733 1591 tarda
746 1532 910 1609 sequentur.

129 1639 268 1697 Necnon
282 1649 311 1696 et
324 1639 432 1708 sterilis,
453 1657 518 1715 quae
531 1637 663 1714 stirpibus
676 1637 737 1694 exit
751 1639 786 1695 ab
800 1635 875 1706 imis,

130 1742 199 1800 Hoc
212 1741 310 1810 faciet,
323 1761 427 1800 vacuos
441 1743 461 1799 s1
475 1743 509 1799 fit
522 1742 628 1819 digesta
640 1760 692 1818 per
705 1755 799 1818 agros:

131 1847 222 1904 Nunc
235 1846 300 1904 altae
312 1847 427 1904 frondes
441 1855 470 1904 et
483 1845 555 1904 rami
568 1845 666 1902 matris
678 1853 809 1921 opacant,
927 1837 930 1844 ’

130 1949 336 2026 Crescentique
349 1949 481 2008 adimunt
494 1949 579 2020 fetus,
599 1959 745 2025 uruntque
757 1948 908 2008 ferentem.

172 2055 247 2131 Jaur,
261 2073 325 2130 quae
337 2053 493 2111 seminibus
501 2051 584 2131 jactis
598 2052 626 2110 se
639 2052 749 2110 sustulit
761 2055 852 2121 arbos,

129 2159 226 2215 Tarda
239 2157 330 2226 venit,
351 2157 419 2215 seris
432 2157 540 2215 fadinra
555 2157 707 2233 nepotibus
721 2159 852 2215 umbram
857 2182 865 2227 5

131 2263 276 2337 Pomaque
289 2262 464 2337 degenerant
477 2259 574 2316 succos
585 2259 674 2316 oblita
687 2259 809 2335 priores,

132 2365 171 2422 Et
186 2364 275 2440 turpis
287 2364 387 2422 avibus
399 2365 526 2442 praedam
538 2363 595 2421 fert
607 2383 663 2420 uva
676 2377 810 2421 racemos.

133 2467 251 2525 Scilicet
261 2469 396 2526 omnibus
410 2469 449 2525 est
461 2469 541 2526 labor
558 2467 771 2543 inpendendu53
792 2472 821 2524 et
834 2485 933 2524 omnes
1012 2471 1016 2478 '

132 2571 279 2648 Cogendae
292 2570 323 2628 in
337 2571 457 2639 sulcum,
476 2589 510 2629 ac
524 2569 616 2627 multi
629 2569 759 2626 mercede
772 2569 930 2627 domandae.

132 2675 188 2732 Sed
202 2675 311 2732 truncis
325 2675 395 2732 oleae
408 2675 519 2742 melius,
539 2671 698 2750 propagine
710 2671 783 2729 vites

132 2779 326 2855 Respondent,
346 2777 435 2835 solido
448 2778 562 2854 Paphiae
575 2779 611 2834 de
624 2779 725 2834 robore
739 2783 861 2852 myrtus,

130 2882 238 2940 Plantis
252 2891 282 2938 et
295 2883 374 2939 durae
387 2881 477 2938 coruli
491 2881 655 2949 nascuntur,
676 2888 706 2936 et
718 2879 819 2954 ingens

130 2984 281 3053 Fraxinus,
301 2984 510 3061 Hercuieaeque
524 2987 605 3043 arbos
617 2981 750 3041 umbrosa
764 3000 885 3052 coronae,

129 3087 315 3165 Chaoniique
328 3087 417 3165 patris
431 3087 549 3166 glandes
554 3113 563 3160 3
584 3087 673 3144 etiam
686 3087 773 3144 ardua
785 3085 882 3164 palma
928 3093 930 3100 '

130 3189 278 3261 Nascitur,
298 3201 328 3250 et
341 3190 421 3250 casus
434 3191 512 3252 abies
525 3189 617 3250 visura
629 3189 765 3248 marinos.
784 3209 789 3220 ·
