2236 3584
129 251 220 306 nra.
434 243 630 308 coiux..
876 228 944 321 129²

129 401 232 472 Pastor,
253 407 284 459 ct
296 402 401 461 e'xcelfi
409 405 520 462 'montis
528 403 724 482 jugasurnma
737 401 852 480 petivit,

129 503 240 560 Lucida
253 505 310 579 qud
321 506 434 581 patulos
447 507 583 566 velabant
596 505 725 583 gramina
739 505 827 564 collis.

128 606 197 682 Jam
211 605 295 676 filvis,
315 607 477 684 dumisque,
497 627 577 685 vagae
582 633 591 680 ς
609 605 670 685 jam
683 608 804 666 vallibus
820 609 931 669 abdunt

27 738 35 762 ι
129 708 272 784 Corpora;
289 707 416 785 jamque,
430 711 510 768 ornni
524 711 629 770 celeres
642 730 658 770 e
670 720 752 788 parte
763 721 911 787 vagantes,

129 809 253 888 Scrupea
267 811 383 869 desertae
395 822 550 889 perrepunt
562 814 599 871 ad
611 831 680 871 cava
692 813 779 890 rupis.

128 911 301 970 Tondentur
315 921 413 972 tenero
425 914 577 974 viridantia
591 915 720 992 germina
733 915 837 985 morsu,

130 1013 254 1072 Pendula
268 1014 398 1092 projectis
411 1027 567 1094 carpuntur
579 1027 609 1077 et
621 1019 722 1076 arbuta
734 1017 830 1086 ramis,

129 1113 288 1196 Densaque¹
296 1119 429 1195 virgultis
441 1121 525 1178 avide
537 1120 665 1178 labrusca
677 1127 826 1196 petuntur.

130 1218 212 1287 Haec,
232 1220 372 1297 suspensa,
393 1223 467 1298 r'apit
480 1232 613 1300 carpente
626 1222 777 1280 cacumina
790 1219 886 1282 morsu

129 1321 186 1378 Vel
200 1321 292 1380 salicis
306 1323 401 1393 lenta,
421 1325 467 1382 vel
481 1345 545 1400 quae
559 1343 631 1384 nova
646 1324 772 1384 nascitur
784 1325 880 1384 alnus:

58 1430 63 1445 ⁸
129 1423 203 1480 Haec
217 1431 327 1482 teneras
340 1425 479 1484 fruticum
492 1425 584 1484 sentes
596 1426 731 1485 rimatur:
755 1435 785 1484 at
798 1427 849 1485 illa
929 1440 933 1450 “

130 1525 260 1584 Inminet
272 1527 304 1584 in
317 1527 370 1586 rivi
383 1529 540 1604 praestantis
552 1528 689 1604 marginis
702 1530 821 1588 undam.

169 1629 198 1686 Ο
211 1631 286 1687 bona
299 1630 428 1708 patioris!
452 1631 472 1688 fi
486 1631 549 1706 quis
563 1649 622 1688 non
635 1629 768 1706 pauperis
780 1630 865 1693 usum

129 1729 233 1790 Mente
245 1731 324 1807 prius
337 1731 420 1790 dccii
433 1733 566 1800 fastidiat,
588 1741 617 1790 et
629 1734 731 1809 probet
741 1733 802 1792 illic

130 1832 248 1901 Omnia,
268 1834 390 1892 luxuriae
402 1834 510 1911 pretiis,
531 1835 678 1910 incognita
692 1833 776 1903 curis,

131 1936 208 1992 Ouae
220 1935 346 1995 lacerant
360 1936 455 1996 avidas
468 1936 588 1994 inimico
600 1937 713 2012 peciore
725 1945 845 1996 mentes.

130 2037 160 2095 Si
174 2046 232 2095 non'
245 2038 359 2114 Affyrio
372 2038 480 2096 fuerint
494 2039 537 2096 bis
550 2039 628 2096 lauta
642 2038 745 2108 colore,

130 2140 266 2200 Attalicis
279 2141 380 2218 opibus
393 2142 459 2200 data
471 2141 589 2210 vellera3
612 2139 633 2196 fi
646 2139 724 2198 nitor
735 2139 798 2198 auri

130 2245 190 2302 Sub
203 2245 450 2321 laqueare-domin
463 2245 593 2304 animum
606 2263 665 2302 non
678 2243 774 2320 tangit
786 2261 901 2318 avarum
907 2268 928 2318 3·

132 2348 310 2424 Pidturaeque
323 2349 417 2417 decus,
436 2347 564 2423 lapidum
577 2365 631 2406 nec
642 2347 739 2422 fulgor
751 2345 783 2404 in
796 2347 857 2404 ulli

130 2451 276 2526 Cognitns
287 2449 416 2508 utilitate
429 2460 541 2522 manet;
563 2469 617 2508 nec
629 2449 731 2527 pocula
745 2458 862 2525 gratum

129 2552 250 2612 Alconis
263 2553 388 2612 referent
401 2552 532 2628 Brutique
545 2561 690 2623 toreuma;
711 2538 765 2609 nec
778 2551 847 2610 Indi

130 2654 266 2712 Conchea
279 2657 367 2714 bacca
380 2655 465 2712 maris
476 2654 569 2732 pretio
583 2655 636 2712 est:
660 2663 689 2712 at
701 2654 814 2731 petiere
826 2671 899 2730 puro

11 2813 15 2828 ‚
131 2757 211 2832 Saepe
224 2757 307 2832 super
320 2767 418 2816 tenero
430 2756 579 2834 prosternit
592 2756 723 2832 gramine
736 2775 853 2832 corpus;

130 2859 244 2918 Florida
257 2877 324 2917 cum
338 2859 431 2928 tellus,
450 2859 623 2934 gemmantis
636 2859 711 2934 pidia
724 2877 775 2934 per
787 2855 900 2926 herbas,

130 2953 307 3019 Vere'novat
319 2961 397 3020 dulci
410 2961 541 3022 distintia
554 2961 696 3018 coloribus
709 2977 789 3018 arva:

131 3062 234 3138 Atque
246 3063 341 3133 illum,
360 3064 469 3122 calamo
482 3064 581 3122 laetum
595 3063 740 3121 recinente
753 3061 881 3139 palustri,

129 3165 259 3242 Otiaque
271 3165 381 3226 invidia
395 3167 558 3246 degentem,
578 3185 611 3228 ac
625 3166 737 3237 fraude·
756 3165 881 3234 remoti,¹

517 3287 540 3326 x
