<?xml version="1.0" encoding="UTF-8"?>
<!DOCTYPE html PUBLIC "-//W3C//DTD XHTML 1.0 Transitional//EN"
    "http://www.w3.org/TR/xhtml1/DTD/xhtml1-transitional.dtd">
<html xmlns="http://www.w3.org/1999/xhtml" xml:lang="en" lang="en">
 <head>
  <title>
</title>
<meta http-equiv="Content-Type" content="text/html;charset=utf-8" />
  <meta name='ocr-system' content='tesseract 3.04.00' />
  <meta name='ocr-capabilities' content='ocr_page ocr_carea ocr_par ocr_line ocrx_word'/>
</head>
<body>
  <div class='ocr_page' id='page_1' title='image "./pvirgiliimaroni02wakegoog/pvirgiliimaroni02wakegoog_0282.png"; bbox 0 0 2208 3574; ppageno 0'>
   <div class='ocr_carea' id='block_1_1' title="bbox 119 205 913 297">
    <p class='ocr_par' dir='ltr' id='par_1_1' title="bbox 119 205 913 297">
     <span class='ocr_line' id='line_1_1' title="bbox 119 205 913 297; baseline -0.006 -9"><span class='ocrx_word' id='word_1_1' title='bbox 119 205 226 288; x_wconf 73' lang='lat' dir='ltr'>uoto.</span> <span class='ocrx_word' id='word_1_2' title='bbox 395 227 516 286; x_wconf 65' lang='lat' dir='ltr'><strong>“LIB.</strong></span> <span class='ocrx_word' id='word_1_3' title='bbox 555 227 610 286; x_wconf 91' lang='lat'>111.</span> <span class='ocrx_word' id='word_1_4' title='bbox 636 227 641 234; x_wconf 86' lang='lat'>&#39;</span> <span class='ocrx_word' id='word_1_5' title='bbox 854 217 913 297; x_wconf 82' lang='lat' dir='ltr'>27&#39;r</span> 
     </span>
    </p>
   </div>
   <div class='ocr_carea' id='block_1_2' title="bbox 121 375 918 2612">
    <p class='ocr_par' dir='ltr' id='par_1_2' title="bbox 121 375 907 658">
     <span class='ocr_line' id='line_1_2' title="bbox 121 375 907 459; baseline -0.008 -17"><span class='ocrx_word' id='word_1_6' title='bbox 121 386 202 442; x_wconf 85' lang='lat' dir='ltr'>Nam</span> <span class='ocrx_word' id='word_1_7' title='bbox 214 383 305 452; x_wconf 86' lang='lat' dir='ltr'>simul,</span> <span class='ocrx_word' id='word_1_8' title='bbox 324 381 453 459; x_wconf 81' lang='lat' dir='ltr'>expletus</span> <span class='ocrx_word' id='word_1_9' title='bbox 466 383 593 459; x_wconf 84' lang='lat' dir='ltr'>dapibus,</span> <span class='ocrx_word' id='word_1_10' title='bbox 612 375 737 457; x_wconf 71' lang='lat' dir='ltr'>uinoque</span> <span class='ocrx_word' id='word_1_11' title='bbox 750 379 883 457; x_wconf 85' lang='lat' dir='ltr'>sepultus,</span> <span class='ocrx_word' id='word_1_12' title='bbox 902 380 907 434; x_wconf 79' lang='lat' dir='ltr'>i</span> 
     </span>
     <span class='ocr_line' id='line_1_3' title="bbox 122 485 893 563; baseline -0.004 -20"><span class='ocrx_word' id='word_1_13' title='bbox 122 487 271 545; x_wconf 84' lang='lat' dir='ltr'>Cervicem</span> <span class='ocrx_word' id='word_1_14' title='bbox 282 485 420 543; x_wconf 80' lang='lat' dir='ltr'>inflexam</span> <span class='ocrx_word' id='word_1_15' title='bbox 436 486 539 563; x_wconf 91' lang='lat' dir='ltr'>posuit,</span> <span class='ocrx_word' id='word_1_16' title='bbox 555 485 702 561; x_wconf 90' lang='lat' dir='ltr'>jacuitque</span> <span class='ocrx_word' id='word_1_17' title='bbox 714 502 765 560; x_wconf 92' lang='lat' dir='ltr'>per</span> <span class='ocrx_word' id='word_1_18' title='bbox 777 492 893 541; x_wconf 77' lang='lat' dir='ltr'><strong>antrum</strong></span> 
     </span>
     <span class='ocr_line' id='line_1_4' title="bbox 122 587 837 658; baseline -0.006 -12"><span class='ocrx_word' id='word_1_19' title='bbox 122 589 279 658; x_wconf 86' lang='lat' dir='ltr'>Inmensua&#39;,</span> <span class='ocrx_word' id='word_1_20' title='bbox 299 589 406 646; x_wconf 79' lang='lat' dir='ltr'>saniem</span> <span class='ocrx_word' id='word_1_21' title='bbox 418 589 555 656; x_wconf 75' lang='lat' dir='ltr'>enrsian&#39;s,</span> <span class='ocrx_word' id='word_1_22' title='bbox 575 606 608 644; x_wconf 90' lang='lat' dir='ltr'>ac</span> <span class='ocrx_word' id='word_1_23' title='bbox 621 587 707 645; x_wconf 82' lang='lat' dir='ltr'>frusta</span> <span class='ocrx_word' id='word_1_24' title='bbox 718 595 837 643; x_wconf 85' lang='lat' dir='ltr'>cruento</span> 
     </span>
    </p>

    <p class='ocr_par' dir='ltr' id='par_1_3' title="bbox 122 667 912 1178">
     <span class='ocr_line' id='line_1_5' title="bbox 122 667 912 765; baseline -0.005 -16"><span class='ocrx_word' id='word_1_25' title='bbox 122 693 175 749; x_wconf 88' lang='lat' dir='ltr'>Per</span> <span class='ocrx_word' id='word_1_26' title='bbox 186 693 317 750; x_wconf 91' lang='lat' dir='ltr'>somnum</span> <span class='ocrx_word' id='word_1_27' title='bbox 330 691 476 749; x_wconf 84' lang='lat' dir='ltr'><strong>conmixta</strong></span> <span class='ocrx_word' id='word_1_28' title='bbox 488 709 567 748; x_wconf 89' lang='lat' dir='ltr'>mero</span> <span class='ocrx_word' id='word_1_29' title='bbox 574 713 583 761; x_wconf 80' lang='lat'>3</span> <span class='ocrx_word' id='word_1_30' title='bbox 604 709 664 760; x_wconf 87' lang='lat' dir='ltr'>nos,</span> <span class='ocrx_word' id='word_1_31' title='bbox 683 707 787 765; x_wconf 87' lang='lat' dir='ltr'>magna</span> <span class='ocrx_word' id='word_1_32' title='bbox 804 667 912 765; x_wconf 78' lang='lat' dir='ltr'>precati</span> 
     </span>
     <span class='ocr_line' id='line_1_6' title="bbox 122 791 909 869; baseline -0.004 -18"><span class='ocrx_word' id='word_1_33' title='bbox 122 794 262 863; x_wconf 86' lang='lat' dir='ltr'>Numina,</span> <span class='ocrx_word' id='word_1_34' title='bbox 283 793 429 869; x_wconf 89' lang='lat' dir='ltr'>sortitique</span> <span class='ocrx_word' id='word_1_35' title='bbox 442 794 525 863; x_wconf 91' lang='lat' dir='ltr'>vices,</span> <span class='ocrx_word' id='word_1_36' title='bbox 545 793 603 849; x_wconf 75' lang='lat' dir='ltr'>und</span> <span class='ocrx_word' id='word_1_37' title='bbox 614 792 742 867; x_wconf 90' lang='lat' dir='ltr'>undique</span> <span class='ocrx_word' id='word_1_38' title='bbox 754 791 864 854; x_wconf 88' lang='lat' dir='ltr'>circum</span> <span class='ocrx_word' id='word_1_39' title='bbox 906 799 909 808; x_wconf 62' lang='lat'>¹</span> 
     </span>
     <span class='ocr_line' id='line_1_7' title="bbox 123 894 870 966; baseline -0.005 -12"><span class='ocrx_word' id='word_1_40' title='bbox 123 895 291 966; x_wconf 74' lang='lat' dir='ltr'>Fundimur,</span> <span class='ocrx_word' id='word_1_41' title='bbox 311 906 342 953; x_wconf 88' lang='lat' dir='ltr'>et</span> <span class='ocrx_word' id='word_1_42' title='bbox 354 897 412 954; x_wconf 89' lang='lat' dir='ltr'>telo</span> <span class='ocrx_word' id='word_1_43' title='bbox 425 897 523 953; x_wconf 90' lang='lat' dir='ltr'>lumen</span> <span class='ocrx_word' id='word_1_44' title='bbox 537 896 709 952; x_wconf 68' lang='lat' dir='ltr'><strong>terebramus</strong></span> <span class='ocrx_word' id='word_1_45' title='bbox 722 902 815 962; x_wconf 88' lang='lat' dir='ltr'>acuto,</span> <span class='ocrx_word' id='word_1_46' title='bbox 855 894 870 960; x_wconf 56' lang='lat' dir='ltr'>J</span> 
     </span>
     <span class='ocr_line' id='line_1_8' title="bbox 123 997 852 1076; baseline -0.004 -20"><span class='ocrx_word' id='word_1_47' title='bbox 123 1001 237 1076; x_wconf 87' lang='lat' dir='ltr'>Ingens,</span> <span class='ocrx_word' id='word_1_48' title='bbox 257 1000 335 1074; x_wconf 95' lang='lat' dir='ltr'>quod</span> <span class='ocrx_word' id='word_1_49' title='bbox 348 1001 427 1056; x_wconf 65' lang='lat' dir='ltr'>tor-vd</span> <span class='ocrx_word' id='word_1_50' title='bbox 439 998 529 1056; x_wconf 89' lang='lat' dir='ltr'>solum</span> <span class='ocrx_word' id='word_1_51' title='bbox 543 999 594 1054; x_wconf 91' lang='lat' dir='ltr'>sub</span> <span class='ocrx_word' id='word_1_52' title='bbox 606 997 700 1054; x_wconf 88' lang='lat' dir='ltr'>fronte</span> <span class='ocrx_word' id='word_1_53' title='bbox 711 997 827 1064; x_wconf 84' lang='lat' dir='ltr'>latebat,</span> <span class='ocrx_word' id='word_1_54' title='bbox 848 1011 852 1022; x_wconf 94' lang='grc'><strong><em>·</em></strong></span> 
     </span>
     <span class='ocr_line' id='line_1_9' title="bbox 124 1098 854 1178; baseline -0.007 -18"><span class='ocrx_word' id='word_1_55' title='bbox 124 1101 254 1178; x_wconf 84' lang='lat' dir='ltr'>Argolici</span> <span class='ocrx_word' id='word_1_56' title='bbox 267 1101 360 1177; x_wconf 86' lang='lat' dir='ltr'>clipei,</span> <span class='ocrx_word' id='word_1_57' title='bbox 381 1111 431 1158; x_wconf 88' lang='lat' dir='ltr'>aut</span> <span class='ocrx_word' id='word_1_58' title='bbox 444 1101 573 1158; x_wconf 84' lang='lat' dir='ltr'>Phoebeae</span> <span class='ocrx_word' id='word_1_59' title='bbox 584 1098 732 1175; x_wconf 81' lang='lat' dir='ltr'>lampadis,</span> <span class='ocrx_word' id='word_1_60' title='bbox 751 1099 854 1156; x_wconf 78' lang='lat' dir='ltr'>iustarr</span> 
     </span>
    </p>

    <p class='ocr_par' dir='ltr' id='par_1_4' title="bbox 124 1185 914 1486">
     <span class='ocr_line' id='line_1_10' title="bbox 125 1185 912 1262; baseline -0.006 0"><span class='ocrx_word' id='word_1_61' title='bbox 125 1205 164 1262; x_wconf 89' lang='lat' dir='ltr'>Et</span> <span class='ocrx_word' id='word_1_62' title='bbox 176 1206 292 1262; x_wconf 88' lang='lat' dir='ltr'>tandem</span> <span class='ocrx_word' id='word_1_63' title='bbox 304 1203 364 1260; x_wconf 89' lang='lat' dir='ltr'>laeti</span> <span class='ocrx_word' id='word_1_64' title='bbox 377 1203 516 1261; x_wconf 87' lang='lat' dir='ltr'>sociorum</span> <span class='ocrx_word' id='word_1_65' title='bbox 529 1201 692 1258; x_wconf 85' lang='lat' dir='ltr'>ulciscimur</span> <span class='ocrx_word' id='word_1_66' title='bbox 704 1203 826 1258; x_wconf 88' lang='lat' dir='ltr'>umbras.</span> <span class='ocrx_word' id='word_1_67' title='bbox 911 1185 912 1190; x_wconf 7' lang='grc' dir='ltr'>ἵ</span> 
     </span>
     <span class='ocr_line' id='line_1_11' title="bbox 125 1302 914 1383; baseline -0.005 -17"><span class='ocrx_word' id='word_1_68' title='bbox 125 1305 430 1383; x_wconf 78' lang='lat' dir='ltr'>Sodfirgite,omiseri!</span> <span class='ocrx_word' id='word_1_69' title='bbox 452 1304 558 1381; x_wconf 80' lang='lat' dir='ltr'>fugite3</span> <span class='ocrx_word' id='word_1_70' title='bbox 580 1307 666 1379; x_wconf 82' lang='lat' dir='ltr'>atque</span> <span class='ocrx_word' id='word_1_71' title='bbox 675 1306 711 1361; x_wconf 84' lang='lat' dir='ltr'>ab</span> <span class='ocrx_word' id='word_1_72' title='bbox 720 1302 804 1361; x_wconf 87' lang='lat' dir='ltr'>litore</span> <span class='ocrx_word' id='word_1_73' title='bbox 813 1303 914 1362; x_wconf 85' lang='lat' dir='ltr'>funem</span> 
     </span>
     <span class='ocr_line' id='line_1_12' title="bbox 124 1397 305 1486; baseline -0.006 -18"><span class='ocrx_word' id='word_1_74' title='bbox 124 1411 277 1486; x_wconf 80' lang='lat' dir='ltr'>Rtunpite:</span> <span class='ocrx_word' id='word_1_75' title='bbox 303 1397 305 1402; x_wconf 42' lang='lat'><strong>¹</strong></span> 
     </span>
    </p>

    <p class='ocr_par' dir='ltr' id='par_1_5' title="bbox 125 1509 916 1896">
     <span class='ocr_line' id='line_1_13' title="bbox 125 1509 916 1588; baseline -0.003 -18"><span class='ocrx_word' id='word_1_76' title='bbox 125 1513 214 1584; x_wconf 87' lang='lat' dir='ltr'>Nam,</span> <span class='ocrx_word' id='word_1_77' title='bbox 228 1511 320 1588; x_wconf 88' lang='lat' dir='ltr'>qualis</span> <span class='ocrx_word' id='word_1_78' title='bbox 328 1517 506 1587; x_wconf 89' lang='lat' dir='ltr'>quantusque</span> <span class='ocrx_word' id='word_1_79' title='bbox 516 1529 585 1568; x_wconf 84' lang='lat' dir='ltr'>cavo</span> <span class='ocrx_word' id='word_1_80' title='bbox 596 1509 784 1587; x_wconf 83' lang='lat' dir='ltr'>Polyphemus</span> <span class='ocrx_word' id='word_1_81' title='bbox 792 1510 822 1566; x_wconf 90' lang='lat' dir='ltr'>in</span> <span class='ocrx_word' id='word_1_82' title='bbox 834 1519 916 1568; x_wconf 85' lang='lat' dir='ltr'>antro</span> 
     </span>
     <span class='ocr_line' id='line_1_14' title="bbox 126 1613 876 1691; baseline -0.005 -18"><span class='ocrx_word' id='word_1_83' title='bbox 126 1615 279 1691; x_wconf 87' lang='lat' dir='ltr'>Lanigeras</span> <span class='ocrx_word' id='word_1_84' title='bbox 292 1614 401 1672; x_wconf 89' lang='lat' dir='ltr'>claudit</span> <span class='ocrx_word' id='word_1_85' title='bbox 418 1615 549 1690; x_wconf 87' lang='lat' dir='ltr'>pecudes,</span> <span class='ocrx_word' id='word_1_86' title='bbox 569 1621 655 1688; x_wconf 83' lang='lat' dir='ltr'>atque</span> <span class='ocrx_word' id='word_1_87' title='bbox 666 1615 753 1670; x_wconf 86' lang='lat' dir='ltr'>ubera</span> <span class='ocrx_word' id='word_1_88' title='bbox 765 1613 876 1688; x_wconf 83' lang='lat' dir='ltr'>pressat,</span> 
     </span>
     <span class='ocr_line' id='line_1_15' title="bbox 127 1701 909 1793; baseline -0.005 -18"><span class='ocrx_word' id='word_1_89' title='bbox 127 1719 253 1775; x_wconf 84' lang='lat' dir='ltr'>Centum</span> <span class='ocrx_word' id='word_1_90' title='bbox 265 1717 315 1776; x_wconf 88' lang='lat' dir='ltr'>alii</span> <span class='ocrx_word' id='word_1_91' title='bbox 328 1735 414 1774; x_wconf 87' lang='lat' dir='ltr'>curva</span> <span class='ocrx_word' id='word_1_92' title='bbox 426 1717 488 1773; x_wconf 82' lang='lat' dir='ltr'>haec</span> <span class='ocrx_word' id='word_1_93' title='bbox 500 1715 632 1773; x_wconf 85' lang='lat' dir='ltr'>habitant</span> <span class='ocrx_word' id='word_1_94' title='bbox 644 1716 679 1772; x_wconf 79' lang='lat' dir='ltr'>&#39;ad</span> <span class='ocrx_word' id='word_1_95' title='bbox 691 1715 774 1773; x_wconf 77' lang='lat' dir='ltr'>litora</span> <span class='ocrx_word' id='word_1_96' title='bbox 787 1701 872 1793; x_wconf 74' lang='lat' dir='ltr'>vlrlgo</span> <span class='ocrx_word' id='word_1_97' title='bbox 906 1729 909 1736; x_wconf 80' lang='grc'>’</span> 
     </span>
     <span class='ocr_line' id='line_1_16' title="bbox 126 1817 801 1896; baseline -0.001 -18"><span class='ocrx_word' id='word_1_98' title='bbox 126 1820 242 1886; x_wconf 82' lang='lat' dir='ltr'>Infandi</span> <span class='ocrx_word' id='word_1_99' title='bbox 255 1820 403 1896; x_wconf 83' lang='lat' dir='ltr'>Cyclopes,</span> <span class='ocrx_word' id='word_1_100' title='bbox 422 1827 450 1876; x_wconf 89' lang='lat' dir='ltr'>et</span> <span class='ocrx_word' id='word_1_101' title='bbox 464 1817 529 1876; x_wconf 86' lang='lat' dir='ltr'>altis</span> <span class='ocrx_word' id='word_1_102' title='bbox 540 1817 685 1876; x_wconf 85' lang='lat' dir='ltr'>montibus</span> <span class='ocrx_word' id='word_1_103' title='bbox 697 1819 801 1877; x_wconf 87' lang='lat' dir='ltr'>err&#39;ant.</span> 
     </span>
    </p>

    <p class='ocr_par' dir='ltr' id='par_1_6' title="bbox 125 1920 918 2612">
     <span class='ocr_line' id='line_1_17' title="bbox 125 1920 838 2000; baseline -0.007 -18"><span class='ocrx_word' id='word_1_104' title='bbox 125 1924 223 1982; x_wconf 86' lang='lat' dir='ltr'>Tertia</span> <span class='ocrx_word' id='word_1_105' title='bbox 233 1922 295 1999; x_wconf 88' lang='lat' dir='ltr'>jam</span> <span class='ocrx_word' id='word_1_106' title='bbox 308 1925 398 1980; x_wconf 82' lang='lat' dir='ltr'>Luna&#39;e</span> <span class='ocrx_word' id='word_1_107' title='bbox 410 1921 439 1977; x_wconf 87' lang='lat' dir='ltr'>se</span> <span class='ocrx_word' id='word_1_108' title='bbox 451 1939 556 1978; x_wconf 86' lang='lat' dir='ltr'>cornua</span> <span class='ocrx_word' id='word_1_109' title='bbox 573 1920 683 2000; x_wconf 86' lang='lat' dir='ltr'>lumine</span> <span class='ocrx_word' id='word_1_110' title='bbox 695 1920 838 1997; x_wconf 86' lang='lat' dir='ltr'>conplent,</span> 
     </span>
     <span class='ocr_line' id='line_1_18' title="bbox 125 2007 827 2093; baseline -0.001 -11"><span class='ocrx_word' id='word_1_111' title='bbox 125 2026 231 2084; x_wconf 69' lang='lat' dir='ltr'>,Quum</span> <span class='ocrx_word' id='word_1_112' title='bbox 242 2024 333 2082; x_wconf 89' lang='lat' dir='ltr'>vitam</span> <span class='ocrx_word' id='word_1_113' title='bbox 344 2023 376 2080; x_wconf 88' lang='lat' dir='ltr'>in</span> <span class='ocrx_word' id='word_1_114' title='bbox 390 2007 472 2093; x_wconf 77' lang='lat' dir='ltr'>silvis,</span> <span class='ocrx_word' id='word_1_115' title='bbox 492 2023 569 2080; x_wconf 85' lang='lat' dir='ltr'>inter</span> <span class='ocrx_word' id='word_1_116' title='bbox 581 2023 689 2080; x_wconf 84' lang='lat' dir='ltr'>deserta</span> <span class='ocrx_word' id='word_1_117' title='bbox 701 2023 827 2081; x_wconf 75' lang='lat' dir='ltr'>ferarum</span> 
     </span>
     <span class='ocr_line' id='line_1_19' title="bbox 127 2126 918 2204; baseline -0.003 -18"><span class='ocrx_word' id='word_1_118' title='bbox 127 2129 225 2187; x_wconf 84' lang='lat' dir='ltr'>Lustra</span> <span class='ocrx_word' id='word_1_119' title='bbox 234 2126 495 2201; x_wconf 83' lang='lat' dir='ltr'>domosque,trabo;</span> <span class='ocrx_word' id='word_1_120' title='bbox 504 2127 648 2202; x_wconf 87' lang='lat' dir='ltr'>vastosque</span> <span class='ocrx_word' id='word_1_121' title='bbox 656 2127 692 2184; x_wconf 83' lang='lat' dir='ltr'>ab</span> <span class='ocrx_word' id='word_1_122' title='bbox 701 2126 918 2204; x_wconf 71' lang='lat' dir='ltr'>rupeCyclopae</span> 
     </span>
     <span class='ocr_line' id='line_1_20' title="bbox 127 2228 916 2306; baseline -0.003 -17"><span class='ocrx_word' id='word_1_123' title='bbox 127 2229 278 2306; x_wconf 88' lang='lat' dir='ltr'>Prospicio‚</span> <span class='ocrx_word' id='word_1_124' title='bbox 296 2229 478 2304; x_wconf 84' lang='lat' dir='ltr'>sonitumque</span> <span class='ocrx_word' id='word_1_125' title='bbox 489 2229 596 2304; x_wconf 90' lang='lat' dir='ltr'>pedum</span> <span class='ocrx_word' id='word_1_126' title='bbox 607 2229 764 2303; x_wconf 76' lang='lat' dir='ltr'>vocemque</span> <span class='ocrx_word' id='word_1_127' title='bbox 777 2228 916 2287; x_wconf 85' lang='lat' dir='ltr'>tremisco.</span> 
     </span>
     <span class='ocr_line' id='line_1_21' title="bbox 127 2330 901 2406; baseline -0.003 -15"><span class='ocrx_word' id='word_1_128' title='bbox 127 2333 246 2392; x_wconf 73' lang='lat' dir='ltr'>Vistum</span> <span class='ocrx_word' id='word_1_129' title='bbox 258 2331 414 2402; x_wconf 84' lang='lat' dir='ltr'>infelicem,</span> <span class='ocrx_word' id='word_1_130' title='bbox 434 2333 541 2401; x_wconf 86' lang='lat' dir='ltr'>baccas,</span> <span class='ocrx_word' id='word_1_131' title='bbox 559 2330 740 2406; x_wconf 85' lang='lat' dir='ltr'>lapidosaque</span> <span class='ocrx_word' id='word_1_132' title='bbox 752 2349 846 2401; x_wconf 87' lang='lat' dir='ltr'>corna,</span> <span class='ocrx_word' id='word_1_133' title='bbox 896 2333 901 2340; x_wconf 86' lang='grc'><strong>“</strong></span> 
     </span>
     <span class='ocr_line' id='line_1_22' title="bbox 129 2432 848 2509; baseline -0.003 -16"><span class='ocrx_word' id='word_1_134' title='bbox 129 2436 209 2494; x_wconf 89' lang='lat' dir='ltr'>Dant</span> <span class='ocrx_word' id='word_1_135' title='bbox 222 2434 303 2504; x_wconf 89' lang='lat' dir='ltr'>rami,</span> <span class='ocrx_word' id='word_1_136' title='bbox 323 2443 353 2491; x_wconf 89' lang='lat' dir='ltr'>et</span> <span class='ocrx_word' id='word_1_137' title='bbox 364 2434 446 2492; x_wconf 86' lang='lat' dir='ltr'>volsrs</span> <span class='ocrx_word' id='word_1_138' title='bbox 457 2432 577 2509; x_wconf 86' lang='lat' dir='ltr'>pascunt</span> <span class='ocrx_word' id='word_1_139' title='bbox 589 2432 731 2492; x_wconf 85' lang='lat' dir='ltr'>radicibus</span> <span class='ocrx_word' id='word_1_140' title='bbox 743 2434 848 2491; x_wconf 84' lang='lat' dir='ltr'>berbae.</span> 
     </span>
     <span class='ocr_line' id='line_1_23' title="bbox 129 2535 918 2612; baseline -0.003 -16"><span class='ocrx_word' id='word_1_141' title='bbox 129 2539 235 2596; x_wconf 91' lang='lat' dir='ltr'>Omnia</span> <span class='ocrx_word' id='word_1_142' title='bbox 248 2537 429 2605; x_wconf 78' lang='lat' dir='ltr'>conlustrans,</span> <span class='ocrx_word' id='word_1_143' title='bbox 440 2537 514 2594; x_wconf 88' lang='lat' dir='ltr'>hanc</span> <span class='ocrx_word' id='word_1_144' title='bbox 523 2535 649 2612; x_wconf 88' lang='lat' dir='ltr'>primum</span> <span class='ocrx_word' id='word_1_145' title='bbox 661 2537 698 2594; x_wconf 83' lang='lat' dir='ltr'>ad</span> <span class='ocrx_word' id='word_1_146' title='bbox 709 2536 793 2594; x_wconf 82' lang='lat' dir='ltr'>litora</span> <span class='ocrx_word' id='word_1_147' title='bbox 805 2535 918 2594; x_wconf 74' lang='lat' dir='ltr'>classensi</span> 
     </span>
    </p>
   </div>
   <div class='ocr_carea' id='block_1_3' title="bbox 17 2627 917 2718">
    <p class='ocr_par' dir='ltr' id='par_1_7' title="bbox 17 2627 917 2718">
     <span class='ocr_line' id='line_1_24' title="bbox 17 2627 917 2718; baseline -0.004 -18"><span class='ocrx_word' id='word_1_148' title='bbox 17 2627 27 2700; x_wconf 51' lang='lat' dir='ltr'><strong><em>s</em></strong></span> <span class='ocrx_word' id='word_1_149' title='bbox 130 2640 274 2718; x_wconf 85' lang='lat' dir='ltr'>Conspexi</span> <span class='ocrx_word' id='word_1_150' title='bbox 283 2640 454 2698; x_wconf 86' lang='lat' dir='ltr'>venientem.</span> <span class='ocrx_word' id='word_1_151' title='bbox 468 2639 546 2698; x_wconf 86' lang='lat' dir='ltr'>H&#39;uic</span> <span class='ocrx_word' id='word_1_152' title='bbox 554 2658 610 2707; x_wconf 91' lang='lat' dir='ltr'>me,</span> <span class='ocrx_word' id='word_1_153' title='bbox 620 2653 805 2714; x_wconf 78' lang='lat' dir='ltr'>quaecumque</span> <span class='ocrx_word' id='word_1_154' title='bbox 813 2633 917 2710; x_wconf 78' lang='lat' dir='ltr'>suisset,</span> 
     </span>
    </p>
   </div>
   <div class='ocr_carea' id='block_1_4' title="bbox 127 2721 919 3231">
    <p class='ocr_par' dir='ltr' id='par_1_8' title="bbox 127 2721 918 2922">
     <span class='ocr_line' id='line_1_25' title="bbox 127 2721 915 2818; baseline -0.006 -15"><span class='ocrx_word' id='word_1_155' title='bbox 127 2721 253 2803; x_wconf 56' lang='lat' dir='ltr'>nana:</span> <span class='ocrx_word' id='word_1_156' title='bbox 274 2741 340 2800; x_wconf 76' lang='lat' dir='ltr'>ass</span> <span class='ocrx_word' id='word_1_157' title='bbox 351 2744 391 2801; x_wconf 69' lang='lat' dir='ltr'>en</span> <span class='ocrx_word' id='word_1_158' title='bbox 404 2751 519 2818; x_wconf 83' lang='lat' dir='ltr'>gentem</span> <span class='ocrx_word' id='word_1_159' title='bbox 531 2740 661 2818; x_wconf 71' lang='lat' dir='ltr'>effirgitse</span> <span class='ocrx_word' id='word_1_160' title='bbox 672 2741 843 2799; x_wconf 76' lang='lat' dir='ltr'>nefandum</span> <span class='ocrx_word' id='word_1_161' title='bbox 912 2757 915 2772; x_wconf 91' lang='lat'>·</span> 
     </span>
     <span class='ocr_line' id='line_1_26' title="bbox 129 2831 918 2922; baseline -0.004 -19"><span class='ocrx_word' id='word_1_162' title='bbox 129 2848 188 2904; x_wconf 86' lang='lat' dir='ltr'>Vos</span> <span class='ocrx_word' id='word_1_163' title='bbox 197 2846 322 2904; x_wconf 87' lang='lat' dir='ltr'>animam</span> <span class='ocrx_word' id='word_1_164' title='bbox 331 2843 404 2902; x_wconf 85' lang='lat' dir='ltr'>hanc</span> <span class='ocrx_word' id='word_1_165' title='bbox 411 2846 505 2922; x_wconf 88' lang='lat' dir='ltr'>potius</span> <span class='ocrx_word' id='word_1_166' title='bbox 514 2831 694 2920; x_wconf 88' lang='lat' dir='ltr'>quocumque</span> <span class='ocrx_word' id='word_1_167' title='bbox 702 2843 842 2901; x_wconf 83' lang='lat' dir='ltr'>absumite</span> <span class='ocrx_word' id='word_1_168' title='bbox 849 2843 918 2906; x_wconf 80' lang='lat' dir='ltr'>leto.</span> 
     </span>
    </p>

    <p class='ocr_par' dir='ltr' id='par_1_9' title="bbox 131 2945 919 3231">
     <span class='ocr_line' id='line_1_27' title="bbox 169 2945 919 3022; baseline -0.005 -16"><span class='ocrx_word' id='word_1_169' title='bbox 169 2949 229 3006; x_wconf 84' lang='lat' dir='ltr'>Vix</span> <span class='ocrx_word' id='word_1_170' title='bbox 242 2967 275 3006; x_wconf 86' lang='lat' dir='ltr'>ea</span> <span class='ocrx_word' id='word_1_171' title='bbox 287 2948 362 3006; x_wconf 85' lang='lat' dir='ltr'>satus</span> <span class='ocrx_word' id='word_1_172' title='bbox 374 2958 443 3018; x_wconf 85' lang='lat' dir='ltr'>erat,</span> <span class='ocrx_word' id='word_1_173' title='bbox 458 2948 568 3004; x_wconf 84' lang='lat' dir='ltr'>summo</span> <span class='ocrx_word' id='word_1_174' title='bbox 580 2949 671 3022; x_wconf 84' lang='lat' dir='ltr'>quum</span> <span class='ocrx_word' id='word_1_175' title='bbox 682 2956 781 3004; x_wconf 84' lang='lat' dir='ltr'>monte</span> <span class='ocrx_word' id='word_1_176' title='bbox 790 2945 919 3004; x_wconf 69' lang='lat' dir='ltr'>videmus</span> 
     </span>
     <span class='ocr_line' id='line_1_28' title="bbox 131 3047 915 3128; baseline -0.006 -18"><span class='ocrx_word' id='word_1_177' title='bbox 131 3051 237 3128; x_wconf 90' lang='lat' dir='ltr'>Ipsum,</span> <span class='ocrx_word' id='word_1_178' title='bbox 257 3050 333 3110; x_wconf 89' lang='lat' dir='ltr'>inter</span> <span class='ocrx_word' id='word_1_179' title='bbox 344 3051 465 3127; x_wconf 81' lang='lat' dir='ltr'>pecudes</span> <span class='ocrx_word' id='word_1_180' title='bbox 476 3051 552 3108; x_wconf 70' lang='lat' dir='ltr'>vasta</span> <span class='ocrx_word' id='word_1_181' title='bbox 564 3050 593 3108; x_wconf 91' lang='lat' dir='ltr'>se</span> <span class='ocrx_word' id='word_1_182' title='bbox 604 3049 681 3108; x_wconf 88' lang='lat' dir='ltr'>mole</span> <span class='ocrx_word' id='word_1_183' title='bbox 693 3048 865 3117; x_wconf 75' lang='lat' dir='ltr'>moventem,</span> <span class='ocrx_word' id='word_1_184' title='bbox 881 3049 888 3096; x_wconf 73' lang='grc' dir='ltr'><strong>ἶ</strong></span> <span class='ocrx_word' id='word_1_185' title='bbox 910 3047 915 3053; x_wconf 80' lang='grc'><strong>“</strong></span> 
     </span>
     <span class='ocr_line' id='line_1_29' title="bbox 132 3147 914 3231; baseline -0.008 -19"><span class='ocrx_word' id='word_1_186' title='bbox 132 3153 272 3213; x_wconf 78' lang='lat' dir='ltr'>Pastorem</span> <span class='ocrx_word' id='word_1_187' title='bbox 284 3153 507 3231; x_wconf 73' lang='lat' dir='ltr'>Polyphemum,</span> <span class='ocrx_word' id='word_1_188' title='bbox 518 3163 549 3212; x_wconf 89' lang='lat' dir='ltr'>et</span> <span class='ocrx_word' id='word_1_189' title='bbox 559 3153 644 3212; x_wconf 73' lang='lat' dir='ltr'>litora</span> <span class='ocrx_word' id='word_1_190' title='bbox 657 3162 723 3211; x_wconf 86' lang='lat' dir='ltr'>nota</span> <span class='ocrx_word' id='word_1_191' title='bbox 736 3147 914 3229; x_wconf 71' lang='lat' dir='ltr'>petentem-1</span> 
     </span>
    </p>
   </div>
   <div class='ocr_carea' id='block_1_5' title="bbox 0 0 1121 3574">
    <p class='ocr_par' dir='ltr' id='par_1_10' title="bbox 0 0 1121 3574">
     <span class='ocr_line' id='line_1_30' title="bbox 0 0 1121 3574; baseline 0 0"><span class='ocrx_word' id='word_1_192' title='bbox 0 0 1121 3574; x_wconf 95' lang='lat' dir='ltr'> </span> 
     </span>
    </p>
   </div>
  </div>
 </body>
</html>
