2208 3574
186 223 246 287 272
444 213 528 274 AEN
541 215 565 270 E
578 214 634 272 I'D
648 213 680 272 0
689 214 716 283 S,
871 225 900 270 ν.
911 211 986 272 658ι

191 369 353 429 Monstrum
363 369 545 438 horrendum,
557 369 691 440 informe,
704 369 815 445 ingens,
827 367 875 425 cui
884 367 988 426 lumen
1081 411 1082 424 i

213 503 216 510 ·
270 475 432 531 ademtam:
1081 453 1082 466 ἵ

191 577 305 635 Trunca
319 594 405 634 manu
418 575 501 651 pinus
514 573 589 651 regit
602 582 631 631 et
643 573 761 650 vestigia·
772 574 881 631 firmat:

191 679 340 754 Lanigeroe
353 678 526 735 comitantur
537 696 619 735 oves:
642 695 675 734 ea
688 676 743 734 sola
757 677 895 754 voluptas,

192 782 379 857 solamenque
391 780 471 838 mali.

192 885 340 960 Postquam
353 884 423 941 altos
436 883 533 960 tetigit
545 882 657 951 fludus,
677 892 707 940 et
720 883 755 940 ad
768 901 881 958 aequora
893 883 984 954 venit,

193 986 322 1046 Luminis
335 986 423 1044 effoist
436 986 557 1043 fluidum
571 985 641 1043 lavit
653 985 721 1042 inde
733 1005 871 1053 cruorem,

192 1089 334 1148 Dentibus
365 1089 529 1146 infrendens
557 1088 684 1164 gemitu:
725 1089 908 1164 graditurque
932 1107 987 1165 per

270 1209 366 1268 aequor

190 1297 257 1372 Jam
269 1293 405 1362 medium,
422 1311 474 1350 nec
487 1294 556 1350 dum
569 1294 671 1351 fluctus
683 1295 771 1351 latera
785 1281 870 1350 ardua
884 1293 983 1351 tinxit‘.

193 1397 255 1454 Nos
267 1397 365 1473 procul
378 1396 445 1454 inde
457 1396 557 1472 fugam
571 1397 675 1471 trepidi
687 1397 817 1466 celerare,
830 1406 945 1474 recepto

190 1499 335 1576 supplice,
355 1499 392 1556 fic
405 1498 520 1568 merit03
543 1498 680 1574 tacitique
692 1498 818 1556 incidere
831 1500 943 1570 funem3

193 1602 341 1665 Venimus
353 1611 383 1659 et
395 1601 477 1678 proni
488 1601 661 1658 certantibus
673 1619 784 1676 aequora
796 1602 890 1660 remis.

194 1706 293 1772 Sensit,
313 1713 343 1761 et
355 1704 391 1762 ad
403 1703 528 1761 sonitum
540 1703 617 1761 vocis
630 1704 744 1782 vestigia
757 1704 844 1762 torsit.

193 1807 311 1876 Verum,
324 1806 375 1864 ubi
387 1807 465 1864 nulla
478 1808 562 1864 datur
574 1807 673 1864 dextri
685 1807 825 1865 adsedisse
837 1807 965 1883 potestas,

121 1961 125 1968 .
193 1910 258 1968 Nec
268 1910 345 1986 potis
358 1909 453 1967 Ionios
464 1908 568 1968 fludus
580 1929 692 1985 aequare
704 1910 855 1985 sequendo,
977 1911 980 1924 “

194 2013 356 2070 Clamorem
368 2011 531 2070 inmensum
544 2012 633 2070 tollit:
655 2031 713 2086 quo
722 2021 835 2088 pontus,
846 2021 875 2070 et
887 2018 985 2071 omne's

189 2115 369 2174 intremuere
381 2114 475 2185 undar,
494 2115 664 2191 penitusque
677 2115 811 2172 exterrita
823 2116 908 2173 tellus

192 2216 293 2284 Italiae,
312 2216 462 2291 curvisque
473 2215 610 2291 inmugiit
622 2217 713 2273 AEtna
725 2216 860 2274 cavemia.

193 2319 236 2375 At
252 2337 342 2394 genus
355 2338 371 2375 e
384 2319 458 2376 silvis
471 2319 630 2395 Cyclopum
643 2293 672 2376 el
685 2318 830 2377 montibus
842 2320 907 2378 altis

192 2421 328 2479 Excitum
342 2421 400 2478 ruit
412 2423 448 2478 ad
461 2431 568 2497 portus,
586 2431 616 2478 et
629 2422 712 2479 litora
726 2422 869 2497 conplent.

192 2524 344 2582 Cernimus
356 2524 490 2582 adstantis
501 2525 693 2601 nequidquam
706 2525 815 2582 lumine
828 2534 908 2585 torvo
972 2537 975 2544 '

191 2627 324 2700 AEtnaeos
336 2627 444 2697 fratres,
464 2627 536 2684 coelo
548 2629 641 2703 capita
654 2607 711 2686 alta
724 2627 857 2699 ferentis3

192 2730 358 2788 Concilium
370 2730 559 2789 horrendum:
581 2731 677 2806 quales
690 2749 781 2806 quum
793 2731 898 2790 vertice
911 2731 984 2790 celso

193 2833 287 2890 Atriae
300 2851 427 2909 quercus,
447 2844 497 2890 aut
509 2833 642 2890 coniferae
655 2834 792 2910 cypariffi,

191 2935 397 3004 constiterunt,
416 2935 482 2994 filva
495 2935 552 2993 alta
565 2937 652 3012 Jovis,
670 2937 787 2994 lucusve
800 2937 912 2996 Dianae.

192 3037 352 3115 Praecipites
363 3048 455 3096 metus
468 3057 533 3096 acer
545 3039 607 3115 agit
619 3057 800 3116 quocumque
812 3041 940 3099 rudentis
971 3053 973 3070 ³

188 3137 342 3212 *Excutere
361 3149 392 3212 ct
403 3139 657 3200 sentisintendere
670 3141 731 3200 vela
745 3141 884 3202 secundis.
967 3185 976 3195 ..
