2236 3584
169 197 278 263 v.157.
415 237 418 246 .
473 196 669 256 CULEX.
913 201 968 260 133

167 347 284 406 Anxius
297 347 405 410 infidiis'
418 351 505 411 nullis
511 377 520 424 ;
542 351 599 422 sed,
612 353 708 412 lentus
721 351 753 410 in
766 350 872 421 herbis,

167 450 272 508 Securo
284 452 387 528 pressos
400 453 499 512 somno
512 456 699 514 mandaverat
712 463 800 514 artus.

166 552 276 610 Stratus
290 553 372 614 humi
386 556 499 614 dulcem
511 557 642 632 capiebat
654 557 739 616 corde
752 555 895 632 quietem;

165 653 209 712 Ni
224 656 290 713 Fors
303 655 427 716 incertos
435 657 554 734 juffiffet
567 660 670 718 ducere
683 657 772 718 casua.

164 755 254 826 Nam,
267 757 385 816 solitum
398 761 513 820 volvens
526 762 562 819 ad
575 770 687 837 tempus
701 759 836 818 tratiibus
848 759 948 829 isdem,

66 925 71 934 ,
164 859 305 930 Inmanis,
318 861 397 920 vario
410 863 569 922 maculatus
582 879 707 940 empore,
728 862 849 938 serpens,

163 962 278 1020 Mersus
291 973 325 1022 ut
337 963 368 1022 in
380 965 452 1023 limo
465 985 584 1042 magnos
598 963 752 1040 subfideret
766 964 855 1031 aestus,

164 1065 260 1130 Obvia
273 1067 396 1126 vibranti
410 1087 530 1144 carpens
543 1068 636 1144 gravis
650 1069 713 1126 adra
727 1067 837 1142 lingua,

162 1167 332 1242 Sqffimosos
344 1169 410 1227 latis
423 1171 574 1246 torquebat
587 1170 713 1226 motibus
726 1168 812 1227 orbis.

161 1269 318 1326 Tollebant
330 1289 407 1328 aurae
421 1271 561 1331 venientis
573 1271 610 1329 ad
622 1271 719 1328 omnia
733 1270 820 1330 visus.

162 1372 230 1448 Jam
240 1371 332 1448 magia
342 1381 429 1448 atque
442 1374 542 1450 magis,
557 1392 658 1450 corpus
673 1373 830 1432 revolubile
840 1372 964 1442 volvens,

162 1472 290 1531 Adtollit
303 1473 402 1532 nitidis
416 1474 515 1550 petius
527 1475 697 1552 fulgoribus,
718 1477 791 1534 etse

161 1574 287 1632 Sublimi
300 1575 409 1634 cervice
422 1575 510 1652 rapit:
534 1577 582 1634 cui
595 1577 685 1646 crista,
704 1577 826 1654 superne

162 1676 258 1745 Edita,
271 1696 414 1754 purpureo
426 1679 523 1736 lucens
536 1679 697 1740 maculatur
709 1678 826 1747 amictu,

161 1778 366 1855 Adspediuque
378 1781 487 1838 micant
499 1780 677 1838 flammantia
690 1781 801 1838 lumina
815 1791 902 1838 torvo.

160 1880 293 1940 Metabat
307 1881 363 1938 iate
377 1882 486 1940 circum
499 1882 574 1953 loca5
596 1900 663 1938 cum
677 1881 756 1938 videt
769 1881 872 1956 ingens

160 1983 325 2042 Adversum
337 1986 474 2042 recubare
487 1985 591 2042 ducem
604 1983 707 2060 gregis,
748 1983 852 2040 Acrior
864 1983 950 2042 instat

160 2086 286 2166 Lumina
300 2085 465 2144 diffundens
478 2087 636 2156 intendere,
656 2095 686 2143 et
699 2086 782 2143 obvia
797 2095 878 2143 torvo

161 2190 268 2265 Saepius
281 2189 423 2264 adripiens
436 2189 602 2265 infringere,
623 2187 700 2263 quod
714 2187 763 2244 sna
777 2188 929 2264 quisquam

159 2294 209 2350 Ad
215 2292 292 2378 ‘vada
306 2291 440 2350 venisset:
463 2301 573 2350 naturae
584 2299 720 2366 conparat
733 2309 825 2348 arma:

160 2376 253 2452 Ard'et
266 2403 373 2462 mente,
392 2393 464 2452 furit
478 2393 649 2460 stridoribus,
670 2391 784 2450 intonat
797 2411 859 2464 ore,

161 2497 296 2554 Fiexibus
308 2497 408 2554 everfis
422 2504 572 2571 torquetur
584 2493 709 2570 corporis
722 2493 797 2550 orbis
803 2517 812 2564 3

159 2599 284 2658 Manant
296 2597 460 2674 sanguineae
472 2616 522 2674 per
535 2598 640 2656 nanus
653 2596 784 2670 undique
798 2605 902 2671 gantiae,

159 2701 280 2778 Spiritus
293 2709 323 2758 et
335 2699 442 2778 rumpit
456 2699 562 2756 fauces.
603 2698 673 2756 Quo
687 2698 787 2756 concta
801 2707 928 2774 parante,

157 2803 387 2862 Parvuius-hnnc
399 2801 477 2878 prior
489 2799 616 2882 humoris
629 2809 772 2858 conterret
784 2800 925 2867 alumnus,
994 2847 997 2851 .
1107 2833 1110 2848 Δ

159 2907 197 2964 Et
208 2915 333 2964 mortem
345 2905 434 2963 vitare
447 2911 546 2961 monet
559 2920 610 2979 per
622 2901 765 2960 acumina.
795 2901 942 2976 Namque,

160 3007 229 3066 Qua
242 3007 357 3066 didudta
371 3024 458 3082 genas
471 3004 631 3081 pingebant
644 3003 752 3060 lumina
767 3002 896 3078 gemmis,

159 3111 224 3168 Hac
237 3109 353 3168 senioris
362 3117 428 3166 'erat
441 3117 550 3166 naturae
563 3105 672 3184 pupula
686 3105 743 3164 telo
