2194 3584
110 223 142 263 v.
160 213 227 262 152.
433 208 532 266 LIB.
571 206 596 266 I.
638 259 641 268 .
825 156 829 170 ι
874 211 913 276 47

107 361 262 418 earduus:
284 359 430 420 intereunt
443 363 564 440 segetes;
586 361 662 438 subit
677 361 772 440 aspera
785 361 861 432 silva,

19 471 20 474 ’
109 463 281 538 Lappaeque
294 464 466 540 tribulique5
487 466 619 540 interque
632 465 753 522 nitentia
767 466 843 524 culta

108 565 226 622 Infelix
238 566 348 636 lolium,
368 577 397 624 et
409 567 513 628 steriles
526 567 711 626 dominantur
723 582 828 624 avenae.

110 667 217 734 Quod,
230 668 282 725 nist
296 678 325 726 et
338 669 459 728 adsiduis
473 680 577 730 terram
588 669 761 727 insedabere
774 668 874 741 rastris,

109 771 153 827 Et
167 770 264 828 sonitu
277 771 394 829 terrebis
408 791 481 840 aves,
501 781 531 829 ct
543 771 613 830 ruris
628 771 707 848 opaci

109 872 201 930 Falce
213 893 323 950 premes
336 877 460 942 umbras,
473 874 602 950 votisque
615 873 757 932 vocaveris
773 873 911 936 imbremt

110 975 198 1030 Heu!
219 993 357 1050 magnum
370 975 484 1032 alterius
497 976 597 1033 frustra
611 974 747 1052 spectabis
761 994 901 1044 acervum,

112 1076 317 1152 Concussaque
330 1078 437 1135 samem
450 1078 482 1134 in
496 1078 569 1136 silvis
582 1077 705 1136 solabere
718 1095 834 1152 quercu.

153 1179 321 1237 Dicendum
333 1188 371 1248 et,
385 1199 449 1254 quae
463 1181 518 1238 srnt
531 1179 608 1238 duris
622 1179 775 1256 agrestibus
788 1197 884 1252 arma,

113 1281 193 1338 Quis
207 1281 263 1338 sine
276 1301 329 1338 nec
341 1291 459 1358 potuere
472 1281 535 1352 seri,
554 1301 606 1340 nec
620 1281 740 1357 surgere,
759 1281 866 1340 messes.

112 1382 229 1454 Vomis,
248 1393 278 1440 et
290 1383 392 1440 inflexi
404 1384 531 1460 primurn
545 1403 630 1460 grave
643 1385 728 1442 robur
741 1383 835 1452 aratri,

112 1485 268 1562 Tardaque
281 1485 419 1544 Eleusrnae
432 1487 530 1544 matris
542 1485 684 1544 volventia
698 1485 828 1561 plaustra,

111 1585 302 1663 Tribulaque,
316 1588 484 1663 traheaeque,
503 1597 532 1644 et
545 1588 646 1664 iniquo
658 1588 782 1664 pondere
795 1587 889 1646 rastri:

111 1688 223 1765 Virgea
234 1700 370 1765 praeterea
383 1691 463 1748 Celei
477 1691 600 1766 vilisque
613 1691 750 1767 supellex,

111 1792 253 1860 Arbuteae
265 1802 363 1861 crates,
383 1803 412 1850 et
425 1792 542 1870 mystica
554 1813 663 1851 vannus
677 1791 783 1850 Iacchi.

112 1893 225 1951 Omnia
238 1913 301 1970 quae
314 1896 405 1952 multo
418 1905 485 1954 ante
497 1914 606 1954 memor
623 1894 734 1971 provisa
747 1911 871 1970 repones,

112 1996 146 2053 Si
159 2005 189 2053 te
202 1996 289 2072 digna
302 2007 399 2070 manet
411 1998 502 2056 divini
516 1998 605 2074 gloria
619 1997 701 2054 ruris.
811 2025 817 2038 ι

113 2099 263 2156 Continuo
276 2100 307 2156 in
321 2099 395 2158 silvis
407 2101 511 2175 magni
524 2099 553 2158 vi
566 2100 641 2156 flexa
654 2099 784 2156 domatur

112 2202 149 2258 In
165 2201 260 2257 burim
273 2210 303 2258 et
315 2201 394 2258 curvi
408 2201 530 2258 formam
543 2200 650 2276 adcipit
662 2200 757 2257 nhnus
770 2201 855 2258 aratri
860 2226 870 2272 3

112 2303 195 2362 Huic
208 2323 224 2361 a
237 2304 321 2381 stirpe
332 2305 417 2380 pedes
430 2313 507 2362 terno
519 2312 666 2379 protentus
678 2303 710 2360 in
723 2303 804 2374 odio,

112 2406 195 2474 Binae
209 2424 297 2474 aures,
318 2404 425 2480 duplici
439 2414 571 2480 aptantur
584 2404 707 2462 dentalia
721 2404 809 2464 dorso.

113 2507 245 2565 Caeditur
257 2515 287 2564 et
299 2505 362 2564 tilia
374 2519 441 2564 ante
450 2503 522 2582 jugo
535 2505 613 2575 levis,
635 2506 749 2580 altaque
761 2507 844 2582 fagur

111 2610 211 2674 stivae,
232 2629 297 2684 qnae
311 2627 408 2666 currus
423 2627 438 2665 a
452 2617 533 2682 tergo
546 2616 676 2682 torqueat
688 2607 776 2678 imos;

110 2713 153 2768 Et
166 2710 294 2788 suspensa
307 2710 379 2768 focis
392 2709 521 2786 explorat
533 2711 632 2766 robora
645 2708 751 2766 sumus.

140 2811 263 2870 fPoiiutn
277 2812 367 2869 multa
382 2810 436 2870 tibi
449 2820 578 2870 vetennn
591 2818 731 2886 praecepta
743 2809 861 2882 referre,

109 2913 156 2973 Ni
170 2913 286 2990 refugis,
309 2912 458 2987 tenuisque
470 2912 552 2988 piget
565 2910 733 2986 cognoscere
749 2929 839 2968 curas.

108 3017 190 3074 Area
201 3035 269 3074 curn
280 3015 381 3091 primis
397 3013 509 3090 ingenti
521 3011 658 3088 aequanda
671 3011 813 3087 cylindro,

110 3119 151 3177 Et
163 3119 297 3198 vertenda
310 3134 407 3198 manu,
427 3125 456 3173 et
470 3115 546 3176 creti
559 3113 703 3199 solidanda
717 3113 825 3184 tenaci,
