2236 3584
103 292 109 300 .
174 253 232 306 tna
430 247 710 318 MORETUM,
883 249 969 316 md.

174 401 298 460 Plurima
311 401 401 480 surgit
414 403 466 473 ibi,
485 404 642 480 crescitque
654 404 685 460 in
698 401 838 471 acumina,
852 401 933 484 radix
939 423 948 470 ;

174 503 233 561 Hic
246 503 319 573 fiser,
338 514 376 575 et,
397 507 483 583 capiti
497 525 601 565 nornen
615 506 756 574 debentia,
775 523 871 581 porra;

174 605 233 664 Hic
245 607 342 676 etiam,
361 627 486 666 nocuum
503 609 601 686 capiti,
621 609 813 685 gelidumque,
833 623 968 682 papanem

175 709 320 784 Grataque
332 710 472 768 nobilium
485 713 595 786 requies
607 710 715 768 lactuca
727 708 864 778 ciborum,
964 755 967 760 .

171 811 212 868 Et
225 813 317 888 gravis
329 812 359 870 in
372 813 464 870 latum
476 813 591 870 demiffa
604 810 751 869 cucurbita
764 818 900 870 ventrem.
950 849 953 854 -

212 914 328 986 Verum
341 914 388 972 hic
406 934 465 972 uon
483 915 603 984 domiui,
624 913 688 989 quis
706 912 783 970 enirn
799 911 971 970 contractior

289 1014 357 1073 illo?
964 1055 966 1063 ·

174 1117 229 1174 Sed
235 1117 337 1194 populi
348 1126 502 1194 proventus
515 1127 575 1176 crat
581 1143 589 1189 ς
611 1118 643 1175 N
644 1117 762 1194 onisque
775 1117 874 1174 diebus
953 1159 955 1164 .

174 1218 297 1276 Venales
309 1219 419 1277 olerum
431 1220 518 1278 fascea
530 1223 662 1296 portabat
674 1221 704 1276 in
716 1221 818 1277 urbem
823 1243 831 1289 5

173 1320 246 1378 Inde
259 1322 386 1392 domum,
407 1322 515 1380 cervice
528 1323 606 1392 levis,
626 1322 719 1398 gravis
731 1339 796 1390 aere,
817 1319 928 1379 redibat
933 1345 942 1392 3

173 1422 234 1480 Vix
246 1441 384 1500 umquam
396 1425 496 1482 urbani
510 1425 661 1482 comitatus
674 1442 767 1482 merce
777 1423 902 1481 macelli.
961 1470 964 1476 .

174 1526 253 1602 Cepa
265 1528 378 1597 rubens,
397 1525 521 1602 sedique
533 1527 640 1584 samem
653 1527 750 1584 domat
763 1544 826 1584 area
838 1525 924 1602 porri,

174 1629 307 1704 Quaeque
319 1628 436 1686 trahunt
449 1628 506 1686 acri
517 1629 614 1687 vultus
626 1627 761 1686 nasturtio
771 1627 878 1696 morsu,

173 1731 343 1807 lutumque,
361 1739 390 1790 et
402 1731 545 1788 Venerem
558 1749 692 1788 revocans
703 1747 787 1788 eruca
797 1737 968 1789 morantem.

211 1833 290 1894 Tum
302 1851 425 1908 quoque,
445 1833 502 1890 tale
520 1833 629 1908 aliquid
646 1831 805 1902 meditans,¹
816 1831 970 1890 intraverat

289 1934 414 1992 hortum.
487 1953 492 1964 ¹

173 2037 219 2095 Ac
232 2035 366 2112 primum,
386 2037 488 2094 leviter
499 2035 597 2114 digitis
610 2035 713 2094 tellure
725 2035 835 2102 refodi,

174 2139 309 2197 Quatuor
320 2138 416 2196 educit
429 2157 496 2196 cum
508 2138 525 2195 s
521 2139 596 2214 piffis
609 2137 675 2196 allia
688 2138 781 2208 fibris3

173 2241 245 2299 Inde
257 2259 352 2298 comas
365 2239 424 2317 apii
438 2241 565 2317 graciles,
584 2249 736 2316 rutamque
748 2240 901 2316 rigentem,
924 2271 929 2278 -

172 2341 272 2412 Venit,
292 2351 322 2400 et
334 2341 440 2418 exiguo
453 2343 599 2424 coriandra
613 2341 762 2400 trementia
775 2341 836 2402 filo.

171 2445 244 2502 Haec
257 2444 307 2504 ubi
320 2444 455 2522 conlegit,
474 2445 573 2501 laetum
588 2443 717 2501 consedit
729 2445 764 2501 ad
776 2443 890 2520 ignem3
966 2487 969 2494 .

171 2547 210 2604 Et
221 2533 297 2604 clari
311 2545 449 2605 famulam
461 2545 553 2623 poscit
565 2545 700 2603 mortaria
712 2565 790 2605 voce.
966 2597 968 2600 .

172 2649 290 2726 Singula
303 2657 367 2706 tum
379 2649 506 2725 capitum
519 2647 624 2705 nodoso
637 2647 743 2706 cortice
755 2647 854 2718 nudat,
966 2697 969 2703 .

171 2753 210 2810 Et
223 2751 339 2808 summis
352 2750 454 2828 spoliat
467 2750 558 2818 coriis,
578 2745 780 2825 contemtaque
792 2749 894 2825 paffim
1046 2745 1050 2752 ⁴

172 2854 286 2934 spargit
305 2853 396 2926 humi,
424 2862 511 2929 atque
531 2851 627 2910 abicit.
668 2853 817 2910 Servatum
838 2850 970 2928 gramine

248 2957 369 3015 bulbum
886 3003 888 3007 ,

170 3058 275 3136 Tingit
287 3060 369 3136 aqut,
387 3059 545 3136 lapidisque
559 3076 663 3118 cavum
675 3057 804 3115 demittit
815 3055 847 3114 iu
859 3057 968 3115 orbern.

170 3161 251 3222 Hinc
262 3161 326 3219 salis
337 3160 478 3240 inspergit
490 3160 579 3258 miqas
586 3185 594 3231 ;
616 3160 672 3220 sale
685 3161 771 3218 durus
784 3158 877 3231 adeso,
