2208 3574
164 189 224 242 244
425 183 703 250 AEnnroos
854 188 962 254 tyro.

163 339 227 416 lpse
241 340 342 396 urbem
355 347 461 415 repeto,
482 346 513 396 et
524 338 626 415 cingor
638 336 820 414 fulgentibus
833 337 929 396 armis.

164 444 225 500 Stat
238 440 317 500 casus
330 460 466 500 renovare
479 441 582 513 omnis,
603 457 782 516 omnemque,
791 440 897 500 reverti

164 547 218 604 Per
229 544 355 622 TroJam,
375 555 406 602 et
418 543 512 602 rursus
525 551 612 620 caput
623 542 765 620 objeetare
776 542 900 620 periclis.
1022 599 1025 606 ,

202 647 348 725 Principio
361 667 464 716 muros,
485 639 661 722 obscuraque
673 647 777 705 limina
789 655 888 723 portae,

165 751 234 810 uua
247 749 371 828 greffum
384 750 553 819 extuleram,
570 758 682 827 repeto,
704 759 734 808 et
746 748 863 827 vestigia
876 760 953 808 retro

164 854 322 914 Observata
336 853 438 930 sequor
448 871 500 930 per
512 853 635 921 nomem,
655 862 685 910 et
697 851 809 910 lumine
821 853 916 914 lustro.

163 955 274 1016 Horror
286 957 396 1032 ubique
410 955 530 1026 animos,
550 955 633 1014 fimul
646 955 706 1032 ipsa
724 955 835 1014 filontio
848 964 962 1014 terrent.

163 1061 235 1118 Indo
248 1061 377 1130 domum,
399 1059 508 1118 fiforte
521 1061 637 1136 podem,
655 1060 676 1116 fi
690 1059 774 1130 forte,
795 1059 911 1126 tulisset,

164 1163 217 1222 Me
231 1163 337 1220 refero:
359 1162 507 1221 inruerant
519 1163 624 1234 Danai,
644 1170 675 1222 et
692 1163 801 1222 tedium
818 1181 903 1220 omne
921 1171 962 1220 te·

242 1268 359 1326 nebant.

164 1368 249 1430 Ilicet
261 1369 340 1446 ignis
353 1371 427 1428 edax
440 1369 551 1428 summa
564 1371 601 1430 ad
613 1369 725 1448 fastigia
737 1377 825 1430 vento

77 1521 80 1528 ,
164 1473 314 1532 Volvitur:
326 1472 498 1550 exsuperant
505 1473 630 1532 flamma,
635 1498 643 1545 ς
658 1473 731 1532 furit
737 1472 819 1532 aestus
826 1473 863 1531 ad
872 1491 962 1530 auras.

94 1632 97 1641 ,
163 1577 304 1648 Prooed03
324 1585 355 1634 et
367 1575 473 1634 Priami
485 1575 573 1647 sedes,
592 1587 753 1652 arcemque,
772 1575 874 1636 reviso.

165 1681 203 1738 Et
213 1679 274 1756 jam
287 1679 444 1756 porticibus
456 1679 553 1738 vacuis
565 1679 688 1758 Junonis
700 1679 787 1757 asylo,

166 1783 392 1852 eustodesleoti
412 1782 535 1843 Phoenix
549 1782 784 1842 etdirusUlixes
956 1835 958 1842 .

163 1887 292 1944 Praedam
305 1886 509 1953 adservabant:
522 1878 588 1946 'huc
599 1886 728 1962 undique
740 1887 829 1945 Troia
841 1903 921 1963 gaza,

164 1989 289 2047 lncenfis
302 2000 400 2066 erepta
413 1990 515 2066 adytis,
535 1987 697 2064 mensesque
710 1989 838 2060 deorum,
943 1991 945 1998 '

165 2093 353 2168 Crateronque
367 2111 436 2150 auro
449 2091 542 2162 solidi,
562 2091 731 2169 captivaque
744 2091 826 2150 vestis

164 2194 353 2270 Congoritur:
374 2195 467 2273 pueri,
477 2205 508 2254 et
517 2194 630 2272 pavidae
638 2196 727 2280 longo
740 2195 841 2254 ordine
851 2203 966 2264 matres,

165 2297 249 2356 Stant
262 2297 381 2356 circum.

202 2399 299 2458 Ausus
310 2400 382 2476 quin
395 2400 483 2460 etiam
496 2420 578 2461 voces
588 2401 697 2480 jaetare
709 2421 762 2480 per
773 2405 915 2474 umbram,

164 2500 278 2579 Inplevi
291 2504 416 2563 ¹clamore
429 2481 498 2574 vias,
518 2507 687 2584 maestusque
699 2506 845 2576 Creusam,

141 2606 370 2694 ‘Nequidquam
392 2607 584 2684 ingeminans,
614 2610 781 2686 iterumque
803 2609 968 2688 iterumque
1094 2677 1095 2696 ,

239 2711 350 2768 vocavi.

163 2811 325 2882 Quaerenti,
345 2820 375 2870 et
388 2811 467 2870 tontis
480 2813 559 2872 urbis
571 2813 703 2873 fine'fine
714 2815 836 2885 furenti,

162 2912 279 2972 Infelix·
286 2914 478 2984 sonulaorum,
498 2925 586 2994 atque
598 2915 685 2995 ipsus
697 2920 799 2978 umbra
813 2917 927 2978 Creiisae

162 3014 230 3072 Visa
245 3014 319 3073 mihi
332 3025 399 3074 ante
411 3017 517 3089 oculos,
538 3026 568 3076 et
580 3019 650 3076 nota
662 3019 754 3097 major
766 3020 874 3098 imago.

163 3113 316 3191 Obstupui,
324 3116 627 3196 steteruntquecomae,
635 3128 665 3182 et
673 3141 729 3182 vox
737 3121 966 3183 faucibushaefit.
1076 3165 1080 3172 ψ
