<?xml version="1.0" encoding="UTF-8"?>
<!DOCTYPE html PUBLIC "-//W3C//DTD XHTML 1.0 Transitional//EN"
    "http://www.w3.org/TR/xhtml1/DTD/xhtml1-transitional.dtd">
<html xmlns="http://www.w3.org/1999/xhtml" xml:lang="en" lang="en">
 <head>
  <title>
</title>
<meta http-equiv="Content-Type" content="text/html;charset=utf-8" />
  <meta name='ocr-system' content='tesseract 3.04.00' />
  <meta name='ocr-capabilities' content='ocr_page ocr_carea ocr_par ocr_line ocrx_word'/>
</head>
<body>
  <div class='ocr_page' id='page_1' title='image "./pvirgiliimaroni02wakegoog/pvirgiliimaroni02wakegoog_0258.png"; bbox 0 0 2208 3574; ppageno 0'>
   <div class='ocr_carea' id='block_1_1' title="bbox 272 607 818 880">
    <p class='ocr_par' dir='ltr' id='par_1_1' title="bbox 272 607 818 880">
     <span class='ocr_line' id='line_1_1' title="bbox 272 607 818 714; baseline -0.004 -42"><span class='ocrx_word' id='word_1_1' title='bbox 272 611 302 672; x_wconf 79' lang='lat' dir='ltr'><strong>P.</strong></span> <span class='ocrx_word' id='word_1_2' title='bbox 329 607 554 668; x_wconf 83' lang='lat' dir='ltr'>VIRGILII</span> <span class='ocrx_word' id='word_1_3' title='bbox 584 611 818 714; x_wconf 15' lang='lat' dir='ltr'>MARONISV</span> 
     </span>
     <span class='ocr_line' id='line_1_2' title="bbox 323 752 761 880; baseline 0.002 -15"><span class='ocrx_word' id='word_1_4' title='bbox 323 752 761 880; x_wconf 73' lang='lat' dir='ltr'><strong>AEnaluos</strong></span> 
     </span>
    </p>
   </div>
   <div class='ocr_carea' id='block_1_2' title="bbox 374 1059 712 1116">
    <p class='ocr_par' dir='ltr' id='par_1_2' title="bbox 374 1059 712 1116">
     <span class='ocr_line' id='line_1_3' title="bbox 374 1059 712 1116; baseline 0.006 -2"><span class='ocrx_word' id='word_1_5' title='bbox 374 1059 499 1114; x_wconf 73' lang='lat' dir='ltr'>MBER</span> <span class='ocrx_word' id='word_1_6' title='bbox 520 1063 712 1116; x_wconf 64' lang='lat' dir='ltr'><strong>Tmarus,</strong></span> 
     </span>
    </p>
   </div>
   <div class='ocr_carea' id='block_1_3' title="bbox 404 1300 685 1342">
    <p class='ocr_par' dir='ltr' id='par_1_3' title="bbox 404 1300 685 1342">
     <span class='ocr_line' id='line_1_4' title="bbox 404 1300 685 1342; baseline 0 -16"><span class='ocrx_word' id='word_1_7' title='bbox 404 1300 685 1342; x_wconf 47' lang='lat' dir='ltr'><em>m</em></span> 
     </span>
    </p>
   </div>
   <div class='ocr_carea' id='block_1_4' title="bbox 64 1567 997 3214">
    <p class='ocr_par' dir='ltr' id='par_1_4' title="bbox 64 1567 997 3214">
     <span class='ocr_line' id='line_1_5' title="bbox 142 1567 940 1670; baseline 0.006 -26"><span class='ocrx_word' id='word_1_8' title='bbox 142 1567 173 1644; x_wconf 90' lang='lat' dir='ltr'>P</span> <span class='ocrx_word' id='word_1_9' title='bbox 175 1607 321 1648; x_wconf 76' lang='lat' dir='ltr'><strong>osruunu</strong></span> <span class='ocrx_word' id='word_1_10' title='bbox 335 1609 378 1650; x_wconf 85' lang='lat' dir='ltr'><strong>res</strong></span> <span class='ocrx_word' id='word_1_11' title='bbox 391 1592 476 1662; x_wconf 86' lang='lat' dir='ltr'><strong>Afiae,</strong></span> <span class='ocrx_word' id='word_1_12' title='bbox 497 1593 661 1670; x_wconf 80' lang='lat' dir='ltr'>Priamique</span> <span class='ocrx_word' id='word_1_13' title='bbox 677 1600 804 1652; x_wconf 84' lang='lat' dir='ltr'><strong>evertere</strong></span> <span class='ocrx_word' id='word_1_14' title='bbox 823 1599 940 1670; x_wconf 83' lang='lat' dir='ltr'><strong>gentem</strong></span> 
     </span>
     <span class='ocr_line' id='line_1_6' title="bbox 140 1691 968 1774; baseline 0.005 -26"><span class='ocrx_word' id='word_1_15' title='bbox 140 1691 319 1764; x_wconf 84' lang='lat' dir='ltr'><strong>Inmeritam,</strong></span> <span class='ocrx_word' id='word_1_16' title='bbox 338 1695 431 1754; x_wconf 89' lang='lat' dir='ltr'><strong>visum</strong></span> <span class='ocrx_word' id='word_1_17' title='bbox 444 1698 566 1774; x_wconf 85' lang='lat' dir='ltr'><strong>Superis,</strong></span> <span class='ocrx_word' id='word_1_18' title='bbox 586 1697 748 1774; x_wconf 85' lang='lat' dir='ltr'><strong>ceciditque</strong></span> <span class='ocrx_word' id='word_1_19' title='bbox 761 1697 915 1772; x_wconf 88' lang='lat' dir='ltr'><strong>superbum</strong></span> <span class='ocrx_word' id='word_1_20' title='bbox 966 1713 968 1720; x_wconf 74' lang='grc'>’</span> 
     </span>
     <span class='ocr_line' id='line_1_7' title="bbox 140 1793 878 1875; baseline 0.005 -25"><span class='ocrx_word' id='word_1_21' title='bbox 140 1793 237 1866; x_wconf 83' lang='lat' dir='ltr'><strong>Ilium,</strong></span> <span class='ocrx_word' id='word_1_22' title='bbox 257 1807 287 1853; x_wconf 87' lang='lat' dir='ltr'><strong>et</strong></span> <span class='ocrx_word' id='word_1_23' title='bbox 300 1799 393 1855; x_wconf 88' lang='lat' dir='ltr'><strong>omnis</strong></span> <span class='ocrx_word' id='word_1_24' title='bbox 406 1799 496 1856; x_wconf 92' lang='lat' dir='ltr'><strong>humo</strong></span> <span class='ocrx_word' id='word_1_25' title='bbox 508 1801 604 1859; x_wconf 85' lang='lat' dir='ltr'><strong>fumat</strong></span> <span class='ocrx_word' id='word_1_26' title='bbox 614 1797 765 1875; x_wconf 88' lang='lat' dir='ltr'><strong>Neptunia</strong></span> <span class='ocrx_word' id='word_1_27' title='bbox 777 1795 862 1873; x_wconf 87' lang='lat' dir='ltr'><strong>Troja</strong></span> <span class='ocrx_word' id='word_1_28' title='bbox 869 1821 878 1868; x_wconf 78' lang='lat'>5</span> 
     </span>
     <span class='ocr_line' id='line_1_8' title="bbox 139 1895 809 1977; baseline 0.007 -25"><span class='ocrx_word' id='word_1_29' title='bbox 139 1895 258 1956; x_wconf 88' lang='lat' dir='ltr'><strong>Diversa</strong></span> <span class='ocrx_word' id='word_1_30' title='bbox 271 1899 378 1968; x_wconf 74' lang='lat' dir='ltr'><strong>exsilia,</strong></span> <span class='ocrx_word' id='word_1_31' title='bbox 398 1910 427 1958; x_wconf 91' lang='lat' dir='ltr'><strong>et</strong></span> <span class='ocrx_word' id='word_1_32' title='bbox 438 1902 561 1960; x_wconf 81' lang='lat' dir='ltr'><strong>desertas</strong></span> <span class='ocrx_word' id='word_1_33' title='bbox 574 1920 700 1977; x_wconf 82' lang='lat' dir='ltr'><strong>quaerere</strong></span> <span class='ocrx_word' id='word_1_34' title='bbox 713 1909 809 1968; x_wconf 86' lang='lat' dir='ltr'><strong>terras,</strong></span> 
     </span>
     <span class='ocr_line' id='line_1_9' title="bbox 64 1999 866 2078; baseline 0.001 -22"><span class='ocrx_word' id='word_1_35' title='bbox 64 2020 66 2025; x_wconf 56' lang='lat'><strong><em>¹</em></strong></span> <span class='ocrx_word' id='word_1_36' title='bbox 139 1999 278 2074; x_wconf 83' lang='lat' dir='ltr'><strong>Auguriis</strong></span> <span class='ocrx_word' id='word_1_37' title='bbox 292 2001 405 2078; x_wconf 83' lang='lat' dir='ltr'><strong>agimur</strong></span> <span class='ocrx_word' id='word_1_38' title='bbox 417 2002 529 2074; x_wconf 84' lang='lat' dir='ltr'><strong>divom;</strong></span> <span class='ocrx_word' id='word_1_39' title='bbox 555 2003 727 2078; x_wconf 79' lang='lat' dir='ltr'><strong>claffemque</strong></span> <span class='ocrx_word' id='word_1_40' title='bbox 740 2001 793 2058; x_wconf 84' lang='lat' dir='ltr'><strong>sub</strong></span> <span class='ocrx_word' id='word_1_41' title='bbox 806 2000 866 2076; x_wconf 77' lang='lat' dir='ltr'><strong>ipsi</strong></span> 
     </span>
     <span class='ocr_line' id='line_1_10' title="bbox 122 2097 890 2182; baseline 0.003 -25"><span class='ocrx_word' id='word_1_42' title='bbox 122 2097 124 2102; x_wconf 80' lang='grc'><strong>’</strong></span> <span class='ocrx_word' id='word_1_43' title='bbox 138 2102 300 2171; x_wconf 82' lang='lat' dir='ltr'>Antandro,</span> <span class='ocrx_word' id='word_1_44' title='bbox 320 2112 351 2160; x_wconf 92' lang='lat' dir='ltr'><strong>ct</strong></span> <span class='ocrx_word' id='word_1_45' title='bbox 364 2103 494 2182; x_wconf 78' lang='lat' dir='ltr'><strong>Phrygiae</strong></span> <span class='ocrx_word' id='word_1_46' title='bbox 506 2100 643 2163; x_wconf 79' lang='lat' dir='ltr'><strong>molimur</strong></span> <span class='ocrx_word' id='word_1_47' title='bbox 655 2104 803 2164; x_wconf 89' lang='lat' dir='ltr'><strong>montibus</strong></span> <span class='ocrx_word' id='word_1_48' title='bbox 816 2104 890 2173; x_wconf 80' lang='lat' dir='ltr'>Idae;</span> 
     </span>
     <span class='ocr_line' id='line_1_11' title="bbox 138 2203 807 2279; baseline 0.004 -20"><span class='ocrx_word' id='word_1_49' title='bbox 138 2203 262 2272; x_wconf 70' lang='lat' dir='ltr'><strong>Incerti·</strong></span> <span class='ocrx_word' id='word_1_50' title='bbox 274 2223 332 2279; x_wconf 93' lang='lat' dir='ltr'><strong>quo</strong></span> <span class='ocrx_word' id='word_1_51' title='bbox 344 2205 404 2263; x_wconf 86' lang='lat' dir='ltr'><strong>fata</strong></span> <span class='ocrx_word' id='word_1_52' title='bbox 417 2207 521 2276; x_wconf 84' lang='lat' dir='ltr'><strong>ferant,</strong></span> <span class='ocrx_word' id='word_1_53' title='bbox 540 2207 592 2266; x_wconf 91' lang='lat' dir='ltr'><strong>ubi</strong></span> <span class='ocrx_word' id='word_1_54' title='bbox 604 2207 696 2264; x_wconf 88' lang='lat' dir='ltr'><strong>fistere</strong></span> <span class='ocrx_word' id='word_1_55' title='bbox 709 2207 807 2264; x_wconf 84' lang='lat' dir='ltr'><strong>detur:</strong></span> 
     </span>
     <span class='ocr_line' id='line_1_12' title="bbox 138 2307 937 2386; baseline 0.001 -23"><span class='ocrx_word' id='word_1_56' title='bbox 138 2307 398 2384; x_wconf 74' lang='lat' dir='ltr'><strong>contrahimusque</strong></span> <span class='ocrx_word' id='word_1_57' title='bbox 411 2309 495 2366; x_wconf 88' lang='lat' dir='ltr'><strong>viros.</strong></span> <span class='ocrx_word' id='word_1_58' title='bbox 516 2310 576 2366; x_wconf 85' lang='lat' dir='ltr'><strong>Vix</strong></span> <span class='ocrx_word' id='word_1_59' title='bbox 589 2309 683 2386; x_wconf 89' lang='lat' dir='ltr'><strong>prima</strong></span> <span class='ocrx_word' id='word_1_60' title='bbox 695 2308 840 2384; x_wconf 84' lang='lat' dir='ltr'><strong>inceperat</strong></span> <span class='ocrx_word' id='word_1_61' title='bbox 851 2307 937 2375; x_wconf 84' lang='lat' dir='ltr'><strong>aessas,</strong></span> 
     </span>
     <span class='ocr_line' id='line_1_13' title="bbox 137 2398 896 2488; baseline -0.001 -22"><span class='ocrx_word' id='word_1_62' title='bbox 137 2409 175 2466; x_wconf 90' lang='lat' dir='ltr'><strong>Et</strong></span> <span class='ocrx_word' id='word_1_63' title='bbox 188 2417 269 2484; x_wconf 90' lang='lat' dir='ltr'><strong>pater</strong></span> <span class='ocrx_word' id='word_1_64' title='bbox 279 2398 419 2468; x_wconf 78' lang='lat' dir='ltr'><strong>Anchises</strong></span> <span class='ocrx_word' id='word_1_65' title='bbox 432 2411 498 2468; x_wconf 89' lang='lat' dir='ltr'><strong>dare</strong></span> <span class='ocrx_word' id='word_1_66' title='bbox 511 2411 579 2468; x_wconf 85' lang='lat' dir='ltr'><strong>fatis</strong></span> <span class='ocrx_word' id='word_1_67' title='bbox 590 2411 653 2468; x_wconf 88' lang='lat' dir='ltr'><strong>vela</strong></span> <span class='ocrx_word' id='word_1_68' title='bbox 662 2409 783 2488; x_wconf 89' lang='lat' dir='ltr'><strong>jubebat</strong></span> <span class='ocrx_word' id='word_1_69' title='bbox 789 2433 798 2480; x_wconf 68' lang='grc' dir='ltr'><strong><em>ς</em></strong></span> <span class='ocrx_word' id='word_1_70' title='bbox 851 2445 852 2450; x_wconf 41' lang='lat'>1</span> <span class='ocrx_word' id='word_1_71' title='bbox 895 2447 896 2452; x_wconf 22' lang='grc' dir='ltr'><strong>κ</strong></span> 
     </span>
     <span class='ocr_line' id='line_1_14' title="bbox 137 2508 936 2588; baseline -0.003 -20"><span class='ocrx_word' id='word_1_72' title='bbox 137 2511 236 2568; x_wconf 90' lang='lat' dir='ltr'><strong>Litora</strong></span> <span class='ocrx_word' id='word_1_73' title='bbox 249 2530 339 2586; x_wconf 92' lang='lat' dir='ltr'><strong>quum</strong></span> <span class='ocrx_word' id='word_1_74' title='bbox 351 2512 451 2588; x_wconf 84' lang='lat' dir='ltr'><strong>patriae</strong></span> <span class='ocrx_word' id='word_1_75' title='bbox 464 2512 615 2571; x_wconf 85' lang='lat' dir='ltr'><strong>lacrimans</strong></span> <span class='ocrx_word' id='word_1_76' title='bbox 628 2522 783 2588; x_wconf 87' lang='lat' dir='ltr'><strong>portusque</strong></span> <span class='ocrx_word' id='word_1_77' title='bbox 795 2508 936 2584; x_wconf 90' lang='lat' dir='ltr'><strong>relinquo,</strong></span> 
     </span>
     <span class='ocr_line' id='line_1_15' title="bbox 137 2611 938 2690; baseline 0.001 -20"><span class='ocrx_word' id='word_1_78' title='bbox 137 2613 176 2670; x_wconf 91' lang='lat' dir='ltr'><strong>Et</strong></span> <span class='ocrx_word' id='word_1_79' title='bbox 189 2631 313 2689; x_wconf 88' lang='lat' dir='ltr'><strong>campos,</strong></span> <span class='ocrx_word' id='word_1_80' title='bbox 333 2613 385 2670; x_wconf 89' lang='lat' dir='ltr'><strong>ubi</strong></span> <span class='ocrx_word' id='word_1_81' title='bbox 396 2613 482 2690; x_wconf 90' lang='lat' dir='ltr'><strong>Troja</strong></span> <span class='ocrx_word' id='word_1_82' title='bbox 495 2614 562 2672; x_wconf 88' lang='lat' dir='ltr'><strong>fuit.</strong></span> <span class='ocrx_word' id='word_1_83' title='bbox 602 2615 688 2672; x_wconf 84' lang='lat' dir='ltr'><strong>Feror</strong></span> <span class='ocrx_word' id='word_1_84' title='bbox 700 2613 781 2670; x_wconf 82' lang='lat' dir='ltr'><strong>exsul</strong></span> <span class='ocrx_word' id='word_1_85' title='bbox 800 2613 830 2669; x_wconf 90' lang='lat' dir='ltr'><strong>in</strong></span> <span class='ocrx_word' id='word_1_86' title='bbox 844 2611 938 2671; x_wconf 87' lang='lat' dir='ltr'><strong>altum</strong></span> 
     </span>
     <span class='ocr_line' id='line_1_16' title="bbox 138 2713 964 2792; baseline -0.005 -19"><span class='ocrx_word' id='word_1_87' title='bbox 138 2715 215 2773; x_wconf 90' lang='lat' dir='ltr'><strong>Cum</strong></span> <span class='ocrx_word' id='word_1_88' title='bbox 228 2714 318 2784; x_wconf 88' lang='lat' dir='ltr'><strong>sociis,</strong></span> <span class='ocrx_word' id='word_1_89' title='bbox 338 2724 472 2792; x_wconf 90' lang='lat' dir='ltr'><strong>natoque,</strong></span> <span class='ocrx_word' id='word_1_90' title='bbox 492 2717 654 2784; x_wconf 85' lang='lat' dir='ltr'><strong>Penatibus,</strong></span> <span class='ocrx_word' id='word_1_91' title='bbox 673 2725 703 2772; x_wconf 85' lang='lat' dir='ltr'><strong>et</strong></span> <span class='ocrx_word' id='word_1_92' title='bbox 716 2714 828 2789; x_wconf 83' lang='lat' dir='ltr'><strong>magnis</strong></span> <span class='ocrx_word' id='word_1_93' title='bbox 843 2713 896 2770; x_wconf 89' lang='lat' dir='ltr'><strong>dis.</strong></span> <span class='ocrx_word' id='word_1_94' title='bbox 960 2747 964 2754; x_wconf 91' lang='lat'>·</span> 
     </span>
     <span class='ocr_line' id='line_1_17' title="bbox 174 2815 935 2894; baseline -0.007 -20"><span class='ocrx_word' id='word_1_95' title='bbox 174 2818 264 2874; x_wconf 86' lang='lat' dir='ltr'><strong>Terra</strong></span> <span class='ocrx_word' id='word_1_96' title='bbox 277 2818 376 2894; x_wconf 90' lang='lat' dir='ltr'><strong>procul</strong></span> <span class='ocrx_word' id='word_1_97' title='bbox 389 2817 471 2876; x_wconf 76' lang='lat' dir='ltr'><strong>vastis</strong></span> <span class='ocrx_word' id='word_1_98' title='bbox 485 2818 588 2884; x_wconf 83' lang='lat' dir='ltr'><strong>colitur</strong></span> <span class='ocrx_word' id='word_1_99' title='bbox 600 2817 746 2875; x_wconf 84' lang='lat' dir='ltr'><strong>Mavortia</strong></span> <span class='ocrx_word' id='word_1_100' title='bbox 759 2815 877 2891; x_wconf 89' lang='lat' dir='ltr'><strong>campis,</strong></span> <span class='ocrx_word' id='word_1_101' title='bbox 922 2852 935 2869; x_wconf 87' lang='lat'><strong>·.</strong></span> 
     </span>
     <span class='ocr_line' id='line_1_18' title="bbox 136 2919 893 2996; baseline -0.005 -18"><span class='ocrx_word' id='word_1_102' title='bbox 136 2919 261 2978; x_wconf 83' lang='lat' dir='ltr'><strong>Thraces</strong></span> <span class='ocrx_word' id='word_1_103' title='bbox 273 2937 364 2989; x_wconf 88' lang='lat' dir='ltr'><strong>arant,</strong></span> <span class='ocrx_word' id='word_1_104' title='bbox 385 2920 444 2977; x_wconf 88' lang='lat' dir='ltr'><strong>acri</strong></span> <span class='ocrx_word' id='word_1_105' title='bbox 457 2921 601 2996; x_wconf 86' lang='lat' dir='ltr'><strong>quondam</strong></span> <span class='ocrx_word' id='word_1_106' title='bbox 614 2927 731 2995; x_wconf 84' lang='lat' dir='ltr'><strong>regnata</strong></span> <span class='ocrx_word' id='word_1_107' title='bbox 745 2919 880 2994; x_wconf 84' lang='lat' dir='ltr'><strong>Lycurgo</strong></span> <span class='ocrx_word' id='word_1_108' title='bbox 885 2941 893 2986; x_wconf 88' lang='lat'>;</span> 
     </span>
     <span class='ocr_line' id='line_1_19' title="bbox 135 3019 920 3099; baseline -0.006 -19"><span class='ocrx_word' id='word_1_109' title='bbox 135 3021 302 3098; x_wconf 87' lang='lat' dir='ltr'><strong>Hospitium</strong></span> <span class='ocrx_word' id='word_1_110' title='bbox 314 3021 467 3099; x_wconf 89' lang='lat' dir='ltr'><strong>antiquum</strong></span> <span class='ocrx_word' id='word_1_111' title='bbox 479 3019 583 3098; x_wconf 80' lang='lat' dir='ltr'><strong>Trojan,</strong></span> <span class='ocrx_word' id='word_1_112' title='bbox 604 3021 728 3097; x_wconf 89' lang='lat' dir='ltr'><strong>sociique</strong></span> <span class='ocrx_word' id='word_1_113' title='bbox 742 3021 870 3088; x_wconf 86' lang='lat' dir='ltr'><strong>Penates,</strong></span> <span class='ocrx_word' id='word_1_114' title='bbox 918 3037 920 3044; x_wconf 92' lang='lat'>·</span> 
     </span>
     <span class='ocr_line' id='line_1_20' title="bbox 136 3122 997 3214; baseline 0.002 -30"><span class='ocrx_word' id='word_1_115' title='bbox 136 3124 216 3184; x_wconf 86' lang='lat' dir='ltr'><strong>Dum</strong></span> <span class='ocrx_word' id='word_1_116' title='bbox 228 3123 424 3196; x_wconf 62' lang='lat' dir='ltr'><strong>fortuuaiuit.</strong></span> <span class='ocrx_word' id='word_1_117' title='bbox 465 3125 551 3182; x_wconf 86' lang='lat' dir='ltr'><strong>Feror</strong></span> <span class='ocrx_word' id='word_1_118' title='bbox 562 3123 629 3193; x_wconf 91' lang='lat' dir='ltr'><strong>huc,</strong></span> <span class='ocrx_word' id='word_1_119' title='bbox 648 3122 777 3214; x_wconf 17' lang='lat' dir='ltr'><strong>etxlitore·</strong></span> <span class='ocrx_word' id='word_1_120' title='bbox 788 3139 876 3182; x_wconf 90' lang='lat' dir='ltr'><strong>curvo</strong></span> <span class='ocrx_word' id='word_1_121' title='bbox 993 3179 997 3186; x_wconf 90' lang='lat'>.</span> 
     </span>
    </p>
   </div>
   <div class='ocr_carea' id='block_1_5' title="bbox 0 0 1108 3574">
    <p class='ocr_par' dir='ltr' id='par_1_5' title="bbox 0 0 1108 3574">
     <span class='ocr_line' id='line_1_21' title="bbox 0 0 1108 3574; baseline 0 2"><span class='ocrx_word' id='word_1_122' title='bbox 0 0 1108 3574; x_wconf 95' lang='lat' dir='ltr'><strong> </strong></span> 
     </span>
    </p>
   </div>
  </div>
 </body>
</html>
