2236 3584
93 211 114 318 J
148 239 257 302 enee
472 241 631 301 crtus,
892 245 947 300 1⁵³

147 396 205 454 Sed
214 395 309 456 medio
319 413 356 454 ex
366 396 436 468 acie,
450 397 552 456 mediis
565 417 602 454 ex
615 393 750 454 hostibus.
770 393 854 452 Heu!
875 389 947 452 heu!

150 497 233 556 Ouid
245 497 355 555 dicam?
377 517 470 574 quove
481 499 541 575 ipsa
552 499 662 558 malum
674 497 732 554 hoc
741 495 874 554 exordiar
882 497 949 554 ore?

149 599 255 664 Dicam
266 599 414 675 equidem:
436 601 574 676 quoniam
586 600 656 677 quid
670 609 702 656 tu
716 598 770 662 tibi
780 599 884 670 dicere,
896 613 951 656 nu·
975 611 978 616 ’

228 701 296 772 trix,

150 805 220 868 Non
232 805 311 876 smis5
326 811 487 864 extremum
499 805 554 863 hoe
562 823 666 863 munus
676 803 825 865 morientis
834 803 949 872 habeto.

149 905 214 977 Ille,
227 906 314 975 vides,
335 907 433 964 nostris
447 907 498 984 qui
511 906 654 971 moeuibus
667 905 772 963 adsidet
786 905 882 976 hostis,

151 1009 249 1066 Quem
259 1016 340 1085 pater
351 1008 412 1084 ipse
424 1009 510 1066 deum
524 1008 626 1085 sceptri
639 1008 757 1066 donavit
770 1007 887 1078 honore,
937 1007 939 1012 ’

46 1181 48 1184 ¹
150 1111 208 1168 Cui
221 1113 313 1168 Parcae
326 1111 450 1168 tribuere
460 1129 516 1168 nec
528 1111 589 1168 ullo
601 1111 716 1172 volnere
728 1109 811 1167 laedi:

149 1213 313 1284 Dicendum
326 1212 375 1282 est,
395 1213 495 1270 frustra
509 1213 707 1270 circumvehor
719 1211 815 1270 omnia
828 1212 929 1280 verbis,

96 1329 97 1334 ’
149 1314 203 1372 Ille
215 1333 288 1385 mea,
307 1314 357 1372 ille
369 1314 447 1372 idern
460 1323 609 1392 oppugnat
620 1314 776 1392 praecordia
789 1314 896 1372 Minoe

151 1417 240 1474 Quod
253 1424 282 1474 te
293 1435 345 1493 per
357 1416 458 1479 divum
468 1418 581 1478 crebros
593 1417 720 1476 obtestor
727 1435 846 1489 amores,

150 1521 257 1596 Perque
270 1529 354 1578 tuum
366 1520 500 1587 memoris
512 1520 644 1578 haustum
656 1520 729 1580 mihi
746 1519 846 1598 pedus
857 1519 952 1580 alum·

229 1641 283 1691 nte,

150 1725 194 1786 Ut
206 1743 263 1794 me,
281 1724 303 1781 fi
317 1724 425 1782 servare
436 1733 527 1801 potes,
546 1743 583 1782 ne
595 1725 714 1801 perdere
726 1724 819 1782 malis.

150 1826 200 1888 sin
214 1834 310 1884 autem
323 1834 429 1902 optatae
440 1826 501 1904 spes
514 1827 553 1884 est
566 1826 654 1885 incisa
667 1827 779 1898 salutis3

149 1930 198 1988 Ne
208 1929 385 2005 mihiquem
393 1929 494 2000 merui,
503 1929 640 2000 invideas,
651 1931 805 1999 nutricula,
815 1937 947 1990 mortem.

149 2033 230 2104 Nam
242 2031 295 2090 nisi
308 2041 337 2089 te
348 2032 429 2090 nobis
441 2032 542 2102 malus,
555 2033 586 2089 oi
600 2033 701 2103 malus,
714 2032 823 2110 optima
834 2034 948 2104 Carme,

150 2137 230 2198 Ante
242 2135 321 2192 hunc
334 2134 517 2210 conspeetunr
530 2134 655 2204 casusve,
674 2135 788 2204 deusve,
808 2125 938 2219 uidisset}¹
997 2111 1005 2126 ⁸

150 2241 214 2299 Aut
225 2239 300 2296 ferro
313 2237 369 2295 hoc
384 2237 489 2314 (aperit
501 2237 609 2295 ferrum
622 2240 699 2314 quod
711 2239 786 2297 veste
798 2238 920 2312 latebat)

150 2343 326 2418 Purpureum
338 2339 426 2417 patris
440 2339 596 2397 demfiffem
608 2339 715 2397 vertice
728 2339 847 2411 crinem,
936 2333 940 2340 ’

150 2444 214 2514 Aut
226 2443 299 2502 mihi
312 2441 443 2520 praesenti
456 2441 623 2518 peperiffem
635 2442 750 2500 volnere
763 2443 865 2502 letum.

188 2545 248 2604 Vix
261 2545 323 2602 haec
335 2545 472 2612 ediderat,
491 2563 567 2611 curn,
587 2543 669 2601 clade
681 2544 816 2604 exterrita
830 2543 911 2618 tristi,

150 2645 281 2708 Intonsos
293 2647 386 2710 multo
396 2647 529 2721 deturpat
540 2644 656 2722 pulvere
668 2645 764 2717 erinis,
937 2643 940 2652 ¹

151 2749 189 2821 Et
202 2748 325 2825 graviter
337 2747 437 2824 questu
449 2747 553 2806 Carme
566 2747 714 2824 conploret
727 2749 811 2806 anili=

150 2850 179 2909 Ο
192 2849 265 2907 mihi
279 2869 354 2907 nunc
367 2849 471 2906 iterum
485 2847 607 2906 crudelis
618 2849 727 2907 reddite
740 2849 852 2908 Minos!
937 2847 940 2858 ⁴

151 2953 180 3011 Ο
193 2953 298 3009 iterum
310 2951 409 3008 nostrae
422 2950 519 3008 Minos
531 2949 650 3008 inimice
662 2950 795 3009 senene!
936 2947 939 2958 “

151 3055 268 3130 Semper
279 3062 319 3123 et,
339 3061 389 3111 aut
401 3052 472 3111 olim
486 3060 562 3124 nata,
583 3072 601 3110 o
614 3061 643 3110 te
655 3062 772 3130 propter
784 3055 916 3128 eundem,

151 3157 214 3218 Aut
226 3173 306 3218 amor
317 3154 422 3214 insana
435 3155 544 3214 ludum
556 3155 681 3234 portavit
693 3155 830 3216 alumnae!
845 3217 848 3222 ,
