2208 3574
9 153 10 158 γ
133 201 241 276 now}
449 203 545 264 LIB.
584 206 609 265 1.
871 213 937 279 m

135 357 234 416 Quare
246 357 333 434 agite,
351 377 371 416 o
383 359 464 419 uois
471 359 606 439 juvenes!
627 359 769 419 succedite
781 359 890 420 notitia.

132 455 186 515 Me
198 477 311 536 quoque
324 462 492 537 permultos
505 463 604 522 fimitis
617 463 732 523 fortuna
746 463 855 520 labores

130 558 272 634 Jaoiatam
284 561 338 618 hac
351 562 467 622 demum
482 563 573 628 voluit
585 563 732 622 confitere
745 563 830 622 terri.

130 661 163 718 N
163 679 200 718 on
213 661 312 738 ignara
325 663 396 726 mali
408 661 517 722 miseria
528 665 692 726 succurrere
702 665 789 724 disco.

50 778 53 784 ·
131 762 177 819 Sic
189 774 342 822 memorat:
364 765 446 826 fimul
459 767 576 824 AEuean
593 767 624 824 iu
639 765 717 842 regia
730 765 809 826 ducit
869 803 871 808 -

130 863 238 934 Tetia3
260 865 340 924 fimul
354 867 452 926 divom
465 867 579 944 templis
589 865 692 926 indicit
705 867 853 926 honorem.

130 964 196 1022 Nec
208 965 303 1024 minus
316 967 424 1026 interea
436 969 518 1026 sociis
531 969 568 1028 ad
580 969 664 1028 litora
677 969 769 1030 mittit
803 1015 806 1025 a

130 1065 245 1141 Viginti
259 1077 361 1137 tauros,
380 1087 550 1145 magnorum
563 1070 706 1128 horrentia
720 1079 838 1130 centum

129 1166 223 1244 Terga
238 1167 329 1237 suum,
340 1169 456 1246 pinguis
469 1176 585 1232 centum
597 1190 664 1232 cum
678 1172 817 1235 matribus
827 1190 925 1247 agnos,

130 1271 253 1329 Munera
266 1272 451 1350 laetitiamque
463 1273 514 1334 dii.

168 1374 211 1437 At
224 1375 325 1437 domus
337 1375 464 1444 interior,
484 1375 573 1451 regali
587 1372 732 1452 splendida
745 1376 827 1446 luxu,

131 1473 282 1536 Instruitur
289 1502 298 1546 t
319 1476 476 1552 mediisque
489 1487 591 1553 parant
602 1477 732 1538 convitia
746 1477 843 1544 teu-iu

128 1577 202 1633 Arte
214 1576 348 1652 laborato
360 1578 457 1645 vestes,
476 1579 604 1654 ostroque
618 1577 751 1654 superbo:

128 1677 235 1754 Ingens
247 1690 400 1756 argentum
412 1680 523 1748 meniis,
543 1680 699 1756 celataque
711 1679 741 1740 in
756 1698 826 1741 auro

127 1779 222 1838 Fortia
234 1781 309 1839 faeta
322 1791 445 1858 patrum,
465 1781 549 1840 series
561 1780 721 1858 longiffirna
733 1799 838 1850 rerum,

36 1897 39 1902 ·
127 1881 179 1939 Per
191 1891 235 1939 tot
248 1883 331 1942 duna
344 1884 419 1942 viros
431 1883 551 1960 antiqui
562 1877 598 1941 ab
611 1882 722 1958 origine
735 1881 837 1958 genus.

166 1983 283 2053 AEneas‚
305 2003 397 2061 neque
410 1985 488 2044 enim
501 1984 607 2062 patrius
620 1985 766 2046 confitere
779 1993 908 2046 mentem

126 2083 219 2141 Parrus
232 2103 319 2154 amor,
333 2087 463 2161 rapidum
477 2088 513 2146 ad
526 2086 604 2144 navis
616 2086 764 2163 praemittit
776 2087 918 2158 Achaten,

125 2187 250 2246 Ascanio
262 2189 336 2248 ferat
348 2190 423 2258 haec3
445 2189 594 2267 ipsumque
607 2190 643 2248 ad
656 2189 761 2248 moenia
775 2191 874 2250 ducat:

125 2289 229 2351 omnis
241 2291 272 2348 in
285 2291 411 2349 Ascanio
423 2291 482 2350 cari
495 2291 546 2350 stat
560 2310 627 2350 cute
640 2291 773 2368 parentis.
869 2319 873 2324 ·

123 2391 249 2451 Munera
260 2405 405 2470 praeterea,
426 2394 519 2452 Iliacis
532 2403 627 2471 erepta
640 2393 739 2460 ruinis,

123 2491 207 2552 Ferre
215 2494 314 2571 jubet:
337 2497 443 2572 pallam
456 2495 542 2572 fignis
555 2514 679 2570 auroque
692 2494 844 2571 rigentem,

122 2595 162 2654 Et
172 2595 393 2656 circumtextum
407 2616 505 2656 croceo
518 2597 647 2656 velamen
660 2596 791 2663 acantho,

122 2697 248 2756 Ornatus
262 2700 379 2776 Argivae
391 2700 527 2767 Helenam
549 2717 618 2774 quos
633 2698 682 2756 illa
695 2697 837 2773 Mycenis,

104 2863 107 2870 ,
123 2799 258 2875 Pergama
269 2820 360 2876 quum
373 2811 481 2877 peteret
494 2800 721 2876 inconceffosque
733 2801 912 2876 Hymenaeon

2 2971 4 2978 ‚
122 2897 281 2969 Extuletat,
301 2903 399 2960 metris
413 2903 497 2962 Lede
510 2901 640 2962 mirabile
653 2902 771 2962 donum.
841 2902 844 2908 ’

123 3005 259 3064 Praeterea
273 3005 423 3082 sceptrum,
443 3005 534 3070 Ilione
546 3005 623 3080 quod
636 3003 753 3081 geiserat
764 3003 846 3071 olim,

121 3104 262 3176 Maxuma
276 3117 406 3168 natarum
418 3107 539 3177 Priami,
560 3105 690 3181 colloque
702 3105 814 3187 monile

511 3226 528 3265 r
