2194 3584
144 187 182 246 or
375 180 704 256 en'onorcou„
854 143 1084 257 v.ro.„'.⁴

143 345 259 421 Semper
270 343 350 410 enim
362 345 460 414 refice,
483 364 525 413 ae,
538 364 575 402 ne
587 345 649 422 post
661 343 760 404 amissa
772 342 908 419 requiras,

143 431 298 517 Antereni
318 455 349 505 et
366 447 495 506 subolem
507 457 637 506 armento
643 445 748 510 sortire
761 454 833 522 quot
847 445 940 519 annis.

181 549 247 607 Nec
260 569 318 608 non
331 559 361 608 et
372 550 469 630 pecori
482 550 522 607 est
534 550 613 608 idem
626 549 745 606 dileelus
758 547 878 624 equino:
967 551 969 554 ’

142 651 190 709 Tu
202 653 298 721 modo,
316 671 389 728 quos
401 653 433 711 in
446 651 525 728 spem
538 652 640 710 statues
653 651 822 710 submittere
836 649 939 726 gentis,

142 755 320 831 Praecipuum
329 754 391 831 jam
404 755 472 814 inde
485 775 501 813 a
515 755 620 812 teneris
632 755 758 831 inpende
769 753 906 812 laborem.

140 855 289 914 Continuo
301 857 410 934 pecoris
425 857 552 934 generosi
564 857 658 934 pullus
671 857 702 914 in
716 855 789 914 arvis

140 957 238 1016 Altius
250 957 420 1036 ingreditur,
440 970 470 1016 et
482 959 581 1018 mollia
594 979 675 1018 crura
688 958 810 1036 reponit.

142 1062 253 1120 Primus
264 1071 294 1122 et
306 1063 348 1124 ire
362 1063 450 1131 viam,
470 1071 499 1120 et
513 1062 615 1122 fluvios
629 1070 739 1120 tentare
751 1061 876 1120 minaces
902 1100 907 1112 ι

69 1159 70 1164 ¹
141 1167 249 1234 Audet,
269 1175 298 1223 et
310 1165 412 1242 ignoto
425 1165 482 1224 sese
494 1165 664 1224 conmittere
674 1164 769 1243 ponti3

141 1271 206 1334 Nec
218 1288 305 1328 vanos
319 1259 415 1326 horret
429 1269 567 1345 strepitus.
609 1267 657 1328 Illi
670 1268 757 1325 ardua
770 1266 876 1333 cervix,

141 1375 345 1448 Argutumque
358 1379 453 1448 caput,
473 1370 566 1428 brevis
580 1371 669 1439 alvus,
688 1369 828 1445 obesaque
841 1375 937 1444 terga}

142 1475 340 1550 Luxuriatque
354 1474 422 1530 toris
436 1473 596 1532 arrinrosum
608 1473 714 1553 peetus.
756 1471 875 1559 Honesti

142 1577 283 1654 spadices,
303 1576 471 1653 glaucique:
493 1577 571 1633 color
584 1575 751 1637 deterrimus
764 1574 844 1644 albis,

125 1721 126 1730 l
141 1681 180 1744 Et
192 1679 280 1757 gilvo.
308 1679 396 1748 Tum,
411 1679 497 1754 fiqua
511 1679 612 1736 sonum
624 1679 724 1756 procul
737 1697 815 1736 arma
826 1677 942 1747 dedere,-

142 1783 221 1840 Stare
233 1783 297 1842 loco
310 1781 414 1852 nescit;
437 1781 526 1843 micat
540 1781 665 1852 auribus,
686 1789 716 1838 et
729 1779 828 1838 tremit
845 1789 922 1837 artus
927 1803 937 1851 3

141 1885 369 1960 Conlettumque
387 1885 512 1942 fremens
524 1884 615 1944 volvit
627 1876 809 1944 sub'naribus
821 1881 920 1958 iguem
928 1904 945 1938 ε.

142 1987 236 2046 Densa
247 1986 327 2064 juba,
347 1997 377 2044 et
389 1989 491 2044 dextro
499 1987 761 2065 jaetatarecumbit
773 1987 804 2044 in
817 2006 904 2045 armo.

123 2140 125 2146 ,
141 2093 183 2148 At
196 2091 303 2166 duplex
316 2091 412 2166 agitur
424 2109 474 2166 per
486 2091 598 2147 lumbos
611 2090 705 2168 spina,
726 2100 864 2166 cavatque
954 2099 959 2114 ¹
988 2065 993 2077 „

140 2193 297 2259 Tellurem,
318 2202 347 2249 et
360 2191 449 2250 solido
464 2193 588 2269 graviter
600 2193 681 2251 sonat
693 2193 803 2270 ungula
816 2203 913 2250 cornu.

100 2371 101 2380 ἵ
140 2295 229 2362 Talis,
249 2295 391 2371 Amyclaei
404 2295 529 2354 domitus
543 2295 664 2354 Pollucis
676 2295 805 2366 habenis,

142 2397 282 2474 Cyllarus,
303 2406 340 2467 et,
354 2417 476 2473 quorum
488 2397 570 2460 Graii
583 2398 740 2456 meminere
753 2401 853 2476 poete,

141 2501 245 2562 Martis
258 2500 326 2576 equi
339 2499 459 2577 bijuges,
478 2509 508 2558 et
520 2500 619 2578 magni
632 2500 866 2563 currusAchilli.v

139 2603 219 2662 Talis
233 2613 262 2660 et
275 2603 335 2679 ipse
344 2601 445 2678 jubam
458 2603 567 2688 cervice
580 2603 704 2662 effundit
716 2604 831 2680 equini,

141 2705 279 2783 Conjugis
292 2706 417 2763 adventu
430 2706 541 2782 pernix,
562 2708 706 2775 Saturnus,
727 2715 758 2764 et
770 2707 861 2765 altum

142 2809 239 2866 Pelion
252 2807 369 2866 hinnitu
383 2808 498 2885 fugiens
510 2808 633 2885 inplevit
646 2817 738 2867 acuto.

179 2911 267 2968 Hunc
286 2930 408 2988 quoque,
428 2911 480 2968 ubi
499 2921 549 2969 aut
567 2914 667 2972 morbo
688 2912 789 2988 gravis,
809 2919 860 2970 aut
875 2909 938 2988 jam

256 3014 369 3090 segnior
381 3015 472 3082 annis,

140 3113 257 3185 Deficit,
276 3117 349 3191 abde
362 3118 448 3176 domo
455 3141 465 3190 3
484 3136 539 3175 nee
551 3117 628 3196 turpi
641 3116 758 3198 ignosce
770 3117 898 3188 senede.
987 3103 990 3108 ⁸
