<?xml version="1.0" encoding="UTF-8"?>
<!DOCTYPE html PUBLIC "-//W3C//DTD XHTML 1.0 Transitional//EN"
    "http://www.w3.org/TR/xhtml1/DTD/xhtml1-transitional.dtd">
<html xmlns="http://www.w3.org/1999/xhtml" xml:lang="en" lang="en">
 <head>
  <title>
</title>
<meta http-equiv="Content-Type" content="text/html;charset=utf-8" />
  <meta name='ocr-system' content='tesseract 3.04.00' />
  <meta name='ocr-capabilities' content='ocr_page ocr_carea ocr_par ocr_line ocrx_word'/>
</head>
<body>
  <div class='ocr_page' id='page_1' title='image "./pvirgiliimaroni02wakegoog/pvirgiliimaroni02wakegoog_0106.png"; bbox 0 0 2236 3584; ppageno 0'>
   <div class='ocr_carea' id='block_1_1' title="bbox 147 201 1026 294">
    <p class='ocr_par' dir='ltr' id='par_1_1' title="bbox 147 201 1026 294">
     <span class='ocr_line' id='line_1_1' title="bbox 147 201 1026 294; baseline 0.005 -28"><span class='ocrx_word' id='word_1_1' title='bbox 147 216 254 268; x_wconf 72' lang='lat' dir='ltr'>vars.</span> <span class='ocrx_word' id='word_1_2' title='bbox 430 201 529 262; x_wconf 73' lang='lat' dir='ltr'>ure.</span> <span class='ocrx_word' id='word_1_3' title='bbox 569 203 625 294; x_wconf 73' lang='lat'>111.</span> <span class='ocrx_word' id='word_1_4' title='bbox 801 276 802 280; x_wconf 8' lang='lat' dir='ltr'>q</span> <span class='ocrx_word' id='word_1_5' title='bbox 908 215 1026 280; x_wconf 79' lang='lat'>9⁵·</span> 
     </span>
    </p>
   </div>
   <div class='ocr_carea' id='block_1_2' title="bbox 95 357 945 3242">
    <p class='ocr_par' dir='ltr' id='par_1_2' title="bbox 148 357 878 440">
     <span class='ocr_line' id='line_1_2' title="bbox 148 357 878 440; baseline -0.004 -18"><span class='ocrx_word' id='word_1_6' title='bbox 148 357 359 440; x_wconf 76' lang='lat' dir='ltr'>Horrentirque</span> <span class='ocrx_word' id='word_1_7' title='bbox 370 363 465 429; x_wconf 84' lang='lat' dir='ltr'>mbos,</span> <span class='ocrx_word' id='word_1_8' title='bbox 484 368 515 418; x_wconf 89' lang='lat' dir='ltr'>et</span> <span class='ocrx_word' id='word_1_9' title='bbox 527 359 650 418; x_wconf 84' lang='lat' dir='ltr'>amantis</span> <span class='ocrx_word' id='word_1_10' title='bbox 662 360 750 418; x_wconf 87' lang='lat' dir='ltr'>ardua</span> <span class='ocrx_word' id='word_1_11' title='bbox 761 361 878 434; x_wconf 82' lang='lat' dir='ltr'>dumos3</span> 
     </span>
    </p>

    <p class='ocr_par' dir='ltr' id='par_1_3' title="bbox 149 464 899 544">
     <span class='ocr_line' id='line_1_3' title="bbox 149 464 899 544; baseline -0.001 -18"><span class='ocrx_word' id='word_1_12' title='bbox 149 468 250 543; x_wconf 81' lang='lat' dir='ltr'>Atqu&#39;e</span> <span class='ocrx_word' id='word_1_13' title='bbox 261 465 330 544; x_wconf 86' lang='lat' dir='ltr'>ipsae</span> <span class='ocrx_word' id='word_1_14' title='bbox 342 483 483 525; x_wconf 85' lang='lat' dir='ltr'>memores</span> <span class='ocrx_word' id='word_1_15' title='bbox 494 464 615 524; x_wconf 88' lang='lat' dir='ltr'>redeunt</span> <span class='ocrx_word' id='word_1_16' title='bbox 628 464 661 522; x_wconf 89' lang='lat' dir='ltr'>in</span> <span class='ocrx_word' id='word_1_17' title='bbox 674 465 757 534; x_wconf 73' lang='lat' dir='ltr'>tedia,</span> <span class='ocrx_word' id='word_1_18' title='bbox 777 464 899 541; x_wconf 81' lang='lat' dir='ltr'>suosque</span> 
     </span>
    </p>

    <p class='ocr_par' dir='ltr' id='par_1_4' title="bbox 148 567 881 647">
     <span class='ocr_line' id='line_1_4' title="bbox 148 567 881 647; baseline 0 -18"><span class='ocrx_word' id='word_1_19' title='bbox 148 571 279 644; x_wconf 82' lang='lat' dir='ltr'>Ducunt,</span> <span class='ocrx_word' id='word_1_20' title='bbox 299 580 329 630; x_wconf 92' lang='lat' dir='ltr'>et</span> <span class='ocrx_word' id='word_1_21' title='bbox 342 569 460 647; x_wconf 84' lang='lat' dir='ltr'>gravido</span> <span class='ocrx_word' id='word_1_22' title='bbox 471 567 605 646; x_wconf 87' lang='lat' dir='ltr'>superant</span> <span class='ocrx_word' id='word_1_23' title='bbox 618 567 669 628; x_wconf 81' lang='lat' dir='ltr'>vix</span> <span class='ocrx_word' id='word_1_24' title='bbox 681 571 769 626; x_wconf 90' lang='lat' dir='ltr'>ubere</span> <span class='ocrx_word' id='word_1_25' title='bbox 781 567 881 629; x_wconf 81' lang='lat' dir='ltr'>limen.</span> 
     </span>
    </p>

    <p class='ocr_par' dir='ltr' id='par_1_5' title="bbox 149 671 855 751">
     <span class='ocr_line' id='line_1_5' title="bbox 149 671 855 751; baseline -0.003 -19"><span class='ocrx_word' id='word_1_26' title='bbox 149 675 228 751; x_wconf 87' lang='lat' dir='ltr'>Ergo</span> <span class='ocrx_word' id='word_1_27' title='bbox 240 674 320 732; x_wconf 88' lang='lat' dir='ltr'>omni</span> <span class='ocrx_word' id='word_1_28' title='bbox 332 673 424 732; x_wconf 86' lang='lat' dir='ltr'>studio</span> <span class='ocrx_word' id='word_1_29' title='bbox 437 671 560 750; x_wconf 82' lang='lat' dir='ltr'>glaciem</span> <span class='ocrx_word' id='word_1_30' title='bbox 573 681 730 749; x_wconf 86' lang='lat' dir='ltr'>ventosque</span> <span class='ocrx_word' id='word_1_31' title='bbox 742 673 855 743; x_wconf 83' lang='lat' dir='ltr'>nivalis,</span> 
     </span>
    </p>

    <p class='ocr_par' dir='ltr' id='par_1_6' title="bbox 150 776 803 853">
     <span class='ocr_line' id='line_1_6' title="bbox 150 776 803 853; baseline 0 -17"><span class='ocrx_word' id='word_1_32' title='bbox 150 779 220 836; x_wconf 79' lang='lat' dir='ltr'>Quo</span> <span class='ocrx_word' id='word_1_33' title='bbox 233 779 327 836; x_wconf 89' lang='lat' dir='ltr'>minor</span> <span class='ocrx_word' id='word_1_34' title='bbox 338 778 379 835; x_wconf 83' lang='lat' dir='ltr'>est</span> <span class='ocrx_word' id='word_1_35' title='bbox 388 777 448 836; x_wconf 80' lang='lat' dir='ltr'>illis</span> <span class='ocrx_word' id='word_1_36' title='bbox 460 796 536 834; x_wconf 78' lang='lat' dir='ltr'>curae</span> <span class='ocrx_word' id='word_1_37' title='bbox 548 777 676 834; x_wconf 85' lang='lat' dir='ltr'>mortalis</span> <span class='ocrx_word' id='word_1_38' title='bbox 688 776 803 853; x_wconf 85' lang='lat' dir='ltr'>egestas,</span> 
     </span>
    </p>

    <p class='ocr_par' dir='ltr' id='par_1_7' title="bbox 147 876 802 956">
     <span class='ocr_line' id='line_1_7' title="bbox 147 876 802 956; baseline -0.003 -17"><span class='ocrx_word' id='word_1_39' title='bbox 147 883 283 956; x_wconf 74' lang='lat' dir='ltr'>Avertes5</span> <span class='ocrx_word' id='word_1_40' title='bbox 305 880 470 956; x_wconf 74' lang='lat' dir='ltr'>victumque</span> <span class='ocrx_word' id='word_1_41' title='bbox 482 879 555 938; x_wconf 86' lang='lat' dir='ltr'>feres</span> <span class='ocrx_word' id='word_1_42' title='bbox 568 876 706 956; x_wconf 82' lang='lat' dir='ltr'>et-virgea</span> <span class='ocrx_word' id='word_1_43' title='bbox 720 880 802 938; x_wconf 84' lang='lat' dir='ltr'>laetus</span> 
     </span>
    </p>

    <p class='ocr_par' dir='ltr' id='par_1_8' title="bbox 147 983 788 1056">
     <span class='ocr_line' id='line_1_8' title="bbox 147 983 788 1056; baseline 0.002 -14"><span class='ocrx_word' id='word_1_44' title='bbox 147 986 256 1043; x_wconf 88' lang='lat' dir='ltr'>Pabula</span> <span class='ocrx_word' id='word_1_45' title='bbox 260 1009 269 1056; x_wconf 82' lang='lat'><em>3</em></span> <span class='ocrx_word' id='word_1_46' title='bbox 291 1004 344 1043; x_wconf 87' lang='lat' dir='ltr'>nec</span> <span class='ocrx_word' id='word_1_47' title='bbox 357 984 416 1042; x_wconf 72' lang='lat' dir='ltr'>toti</span> <span class='ocrx_word' id='word_1_48' title='bbox 428 984 542 1042; x_wconf 85' lang='lat' dir='ltr'>claudes</span> <span class='ocrx_word' id='word_1_49' title='bbox 553 983 665 1042; x_wconf 85' lang='lat' dir='ltr'>foenilia</span> <span class='ocrx_word' id='word_1_50' title='bbox 678 983 788 1043; x_wconf 81' lang='lat' dir='ltr'>brumi.</span> 
     </span>
    </p>

    <p class='ocr_par' dir='ltr' id='par_1_9' title="bbox 147 1086 894 1164">
     <span class='ocr_line' id='line_1_9' title="bbox 147 1086 894 1164; baseline 0 -17"><span class='ocrx_word' id='word_1_51' title='bbox 147 1091 191 1147; x_wconf 92' lang='lat' dir='ltr'>At</span> <span class='ocrx_word' id='word_1_52' title='bbox 203 1107 279 1159; x_wconf 84' lang='lat' dir='ltr'>vero,</span> <span class='ocrx_word' id='word_1_53' title='bbox 301 1086 439 1164; x_wconf 82' lang='lat' dir='ltr'>Zephyris</span> <span class='ocrx_word' id='word_1_54' title='bbox 452 1105 544 1163; x_wconf 89' lang='lat' dir='ltr'>quum</span> <span class='ocrx_word' id='word_1_55' title='bbox 555 1087 621 1144; x_wconf 87' lang='lat' dir='ltr'>laeta</span> <span class='ocrx_word' id='word_1_56' title='bbox 635 1088 804 1146; x_wconf 86' lang='lat' dir='ltr'>vocantibus</span> <span class='ocrx_word' id='word_1_57' title='bbox 816 1088 894 1147; x_wconf 75' lang='lat' dir='ltr'>aestas</span> 
     </span>
    </p>

    <p class='ocr_par' dir='ltr' id='par_1_10' title="bbox 146 1191 945 1268">
     <span class='ocr_line' id='line_1_10' title="bbox 146 1191 945 1268; baseline 0 -17"><span class='ocrx_word' id='word_1_58' title='bbox 146 1193 183 1251; x_wconf 91' lang='lat' dir='ltr'>In</span> <span class='ocrx_word' id='word_1_59' title='bbox 196 1191 283 1250; x_wconf 87' lang='lat' dir='ltr'>saltus</span> <span class='ocrx_word' id='word_1_60' title='bbox 294 1200 453 1266; x_wconf 77' lang='lat' dir='ltr'>utrumque.</span> <span class='ocrx_word' id='word_1_61' title='bbox 460 1207 579 1266; x_wconf 82' lang='lat' dir='ltr'>gregem</span> <span class='ocrx_word' id='word_1_62' title='bbox 588 1199 675 1266; x_wconf 86' lang='lat' dir='ltr'>atque</span> <span class='ocrx_word' id='word_1_63' title='bbox 684 1191 714 1249; x_wconf 92' lang='lat' dir='ltr'>in</span> <span class='ocrx_word' id='word_1_64' title='bbox 724 1191 827 1268; x_wconf 83' lang='lat' dir='ltr'>pascua</span> <span class='ocrx_word' id='word_1_65' title='bbox 837 1193 945 1265; x_wconf 85' lang='lat' dir='ltr'>mittet,</span> 
     </span>
    </p>

    <p class='ocr_par' dir='ltr' id='par_1_11' title="bbox 147 1293 762 1372">
     <span class='ocr_line' id='line_1_11' title="bbox 147 1293 762 1372; baseline -0.002 -18"><span class='ocrx_word' id='word_1_66' title='bbox 147 1295 276 1354; x_wconf 86' lang='lat' dir='ltr'>Luciferi</span> <span class='ocrx_word' id='word_1_67' title='bbox 289 1295 383 1372; x_wconf 90' lang='lat' dir='ltr'>primo</span> <span class='ocrx_word' id='word_1_68' title='bbox 396 1313 464 1352; x_wconf 88' lang='lat' dir='ltr'>cum</span> <span class='ocrx_word' id='word_1_69' title='bbox 477 1293 565 1352; x_wconf 87' lang='lat' dir='ltr'>fidere</span> <span class='ocrx_word' id='word_1_70' title='bbox 577 1294 683 1371; x_wconf 85' lang='lat' dir='ltr'>frigida</span> <span class='ocrx_word' id='word_1_71' title='bbox 697 1313 762 1353; x_wconf 87' lang='lat' dir='ltr'>rura</span> 
     </span>
    </p>

    <p class='ocr_par' dir='ltr' id='par_1_12' title="bbox 147 1399 944 1477">
     <span class='ocr_line' id='line_1_12' title="bbox 147 1399 944 1477; baseline 0.005 -21"><span class='ocrx_word' id='word_1_72' title='bbox 147 1401 314 1477; x_wconf 75' lang='lat' dir='ltr'>carpamus,</span> <span class='ocrx_word' id='word_1_73' title='bbox 333 1399 403 1456; x_wconf 90' lang='lat' dir='ltr'>dum</span> <span class='ocrx_word' id='word_1_74' title='bbox 418 1417 503 1456; x_wconf 88' lang='lat' dir='ltr'>mane</span> <span class='ocrx_word' id='word_1_75' title='bbox 523 1416 640 1468; x_wconf 88' lang='lat' dir='ltr'>novum,</span> <span class='ocrx_word' id='word_1_76' title='bbox 660 1399 731 1457; x_wconf 90' lang='lat' dir='ltr'>dum</span> <span class='ocrx_word' id='word_1_77' title='bbox 749 1399 886 1476; x_wconf 84' lang='lat' dir='ltr'>gramina·</span> <span class='ocrx_word' id='word_1_78' title='bbox 897 1419 944 1460; x_wconf 87' lang='lat' dir='ltr'>ca·</span> 
     </span>
    </p>

    <p class='ocr_par' dir='ltr' id='par_1_13' title="bbox 224 1511 304 1574">
     <span class='ocr_line' id='line_1_13' title="bbox 224 1511 304 1574; baseline 0 -14"><span class='ocrx_word' id='word_1_79' title='bbox 224 1511 304 1574; x_wconf 86' lang='lat' dir='ltr'>nent,</span> 
     </span>
    </p>

    <p class='ocr_par' dir='ltr' id='par_1_14' title="bbox 146 1603 801 1683">
     <span class='ocr_line' id='line_1_14' title="bbox 146 1603 801 1683; baseline 0.003 -19"><span class='ocrx_word' id='word_1_80' title='bbox 146 1608 185 1664; x_wconf 88' lang='lat' dir='ltr'>Et</span> <span class='ocrx_word' id='word_1_81' title='bbox 197 1623 242 1664; x_wconf 80' lang='lat' dir='ltr'>ros</span> <span class='ocrx_word' id='word_1_82' title='bbox 254 1606 286 1663; x_wconf 89' lang='lat' dir='ltr'>in</span> <span class='ocrx_word' id='word_1_83' title='bbox 300 1605 398 1664; x_wconf 72' lang='lat' dir='ltr'>teneri</span> <span class='ocrx_word' id='word_1_84' title='bbox 410 1606 507 1683; x_wconf 85' lang='lat' dir='ltr'>pecori</span> <span class='ocrx_word' id='word_1_85' title='bbox 520 1603 691 1683; x_wconf 82' lang='lat' dir='ltr'>gratiffimur</span> <span class='ocrx_word' id='word_1_86' title='bbox 702 1605 801 1666; x_wconf 68' lang='lat' dir='ltr'>berbi.</span> 
     </span>
    </p>

    <p class='ocr_par' dir='ltr' id='par_1_15' title="bbox 146 1709 842 1787">
     <span class='ocr_line' id='line_1_15' title="bbox 146 1709 842 1787; baseline 0.004 -20"><span class='ocrx_word' id='word_1_87' title='bbox 146 1711 227 1779; x_wconf 89' lang='lat' dir='ltr'>lnde,</span> <span class='ocrx_word' id='word_1_88' title='bbox 247 1709 299 1768; x_wconf 93' lang='lat' dir='ltr'>ubi</span> <span class='ocrx_word' id='word_1_89' title='bbox 313 1719 412 1786; x_wconf 84' lang='lat' dir='ltr'>quarta</span> <span class='ocrx_word' id='word_1_90' title='bbox 426 1709 503 1770; x_wconf 80' lang='lat' dir='ltr'>sitim</span> <span class='ocrx_word' id='word_1_91' title='bbox 515 1711 580 1768; x_wconf 79' lang='lat' dir='ltr'>corii</span> <span class='ocrx_word' id='word_1_92' title='bbox 593 1711 751 1787; x_wconf 82' lang='lat' dir='ltr'>conlegerit</span> <span class='ocrx_word' id='word_1_93' title='bbox 763 1709 842 1783; x_wconf 85' lang='lat' dir='ltr'>bo&#39;ra,</span> 
     </span>
    </p>

    <p class='ocr_par' dir='ltr' id='par_1_16' title="bbox 95 1812 829 1891">
     <span class='ocr_line' id='line_1_16' title="bbox 95 1812 829 1891; baseline 0.005 -21"><span class='ocrx_word' id='word_1_94' title='bbox 95 1839 103 1852; x_wconf 35' lang='grc' dir='ltr'><strong><em>κ</em></strong></span> <span class='ocrx_word' id='word_1_95' title='bbox 146 1814 185 1871; x_wconf 88' lang='lat' dir='ltr'>Et</span> <span class='ocrx_word' id='word_1_96' title='bbox 197 1823 286 1871; x_wconf 89' lang='lat' dir='ltr'>cantu</span> <span class='ocrx_word' id='word_1_97' title='bbox 299 1813 427 1889; x_wconf 84' lang='lat' dir='ltr'>querulae</span> <span class='ocrx_word' id='word_1_98' title='bbox 439 1823 574 1891; x_wconf 88' lang='lat' dir='ltr'>rumpent</span> <span class='ocrx_word' id='word_1_99' title='bbox 587 1815 697 1874; x_wconf 85' lang='lat' dir='ltr'>arbusta</span> <span class='ocrx_word' id='word_1_100' title='bbox 709 1812 829 1887; x_wconf 76' lang='lat' dir='ltr'>cicadae3</span> 
     </span>
    </p>

    <p class='ocr_par' dir='ltr' id='par_1_17' title="bbox 145 1917 831 1996">
     <span class='ocr_line' id='line_1_17' title="bbox 145 1917 831 1996; baseline 0.007 -22"><span class='ocrx_word' id='word_1_101' title='bbox 145 1919 195 1975; x_wconf 92' lang='lat' dir='ltr'>Ad</span> <span class='ocrx_word' id='word_1_102' title='bbox 207 1929 308 1994; x_wconf 86' lang='lat' dir='ltr'>puteos</span> <span class='ocrx_word' id='word_1_103' title='bbox 321 1927 370 1976; x_wconf 87' lang='lat' dir='ltr'>aut</span> <span class='ocrx_word' id='word_1_104' title='bbox 383 1918 440 1976; x_wconf 86' lang='lat' dir='ltr'>alta</span> <span class='ocrx_word' id='word_1_105' title='bbox 455 1935 555 1995; x_wconf 84' lang='lat' dir='ltr'>greges</span> <span class='ocrx_word' id='word_1_106' title='bbox 567 1919 604 1976; x_wconf 85' lang='lat' dir='ltr'>ad</span> <span class='ocrx_word' id='word_1_107' title='bbox 617 1918 713 1995; x_wconf 87' lang='lat' dir='ltr'>stagna</span> <span class='ocrx_word' id='word_1_108' title='bbox 723 1917 831 1996; x_wconf 85' lang='lat' dir='ltr'>jubebo</span> 
     </span>
    </p>

    <p class='ocr_par' dir='ltr' id='par_1_18' title="bbox 145 2021 836 2099">
     <span class='ocr_line' id='line_1_18' title="bbox 145 2021 836 2099; baseline 0.003 -19"><span class='ocrx_word' id='word_1_109' title='bbox 145 2022 318 2080; x_wconf 88' lang='lat' dir='ltr'>Currentem</span> <span class='ocrx_word' id='word_1_110' title='bbox 333 2021 430 2098; x_wconf 88' lang='lat' dir='ltr'>ilignis</span> <span class='ocrx_word' id='word_1_111' title='bbox 442 2031 542 2099; x_wconf 84' lang='lat' dir='ltr'>potare</span> <span class='ocrx_word' id='word_1_112' title='bbox 553 2023 700 2080; x_wconf 78' lang='lat' dir='ltr'>canalibus</span> <span class='ocrx_word' id='word_1_113' title='bbox 713 2024 836 2096; x_wconf 66' lang='lat' dir='ltr'>undam3</span> 
     </span>
    </p>

    <p class='ocr_par' dir='ltr' id='par_1_19' title="bbox 144 2125 893 2202">
     <span class='ocr_line' id='line_1_19' title="bbox 144 2125 893 2202; baseline 0.003 -18"><span class='ocrx_word' id='word_1_114' title='bbox 144 2125 275 2184; x_wconf 76' lang='lat' dir='ltr'>AEstibua</span> <span class='ocrx_word' id='word_1_115' title='bbox 286 2134 316 2183; x_wconf 88' lang='lat' dir='ltr'>at</span> <span class='ocrx_word' id='word_1_116' title='bbox 328 2125 431 2184; x_wconf 85' lang='lat' dir='ltr'>mediis</span> <span class='ocrx_word' id='word_1_117' title='bbox 443 2125 605 2184; x_wconf 81' lang='lat' dir='ltr'>umbrosam</span> <span class='ocrx_word' id='word_1_118' title='bbox 619 2127 767 2202; x_wconf 84' lang='lat' dir='ltr'>exquirere</span> <span class='ocrx_word' id='word_1_119' title='bbox 780 2127 893 2197; x_wconf 84' lang='lat' dir='ltr'>vallem,</span> 
     </span>
    </p>

    <p class='ocr_par' dir='ltr' id='par_1_20' title="bbox 144 2228 833 2307">
     <span class='ocr_line' id='line_1_20' title="bbox 144 2228 833 2307; baseline 0.001 -20"><span class='ocrx_word' id='word_1_120' title='bbox 144 2229 243 2288; x_wconf 89' lang='lat' dir='ltr'>Sicubi</span> <span class='ocrx_word' id='word_1_121' title='bbox 255 2249 360 2306; x_wconf 85' lang='lat' dir='ltr'>magna</span> <span class='ocrx_word' id='word_1_122' title='bbox 372 2229 454 2307; x_wconf 88' lang='lat' dir='ltr'>Jovis</span> <span class='ocrx_word' id='word_1_123' title='bbox 466 2229 587 2305; x_wconf 89' lang='lat' dir='ltr'>antiquo</span> <span class='ocrx_word' id='word_1_124' title='bbox 599 2228 699 2288; x_wconf 85' lang='lat' dir='ltr'>robore</span> <span class='ocrx_word' id='word_1_125' title='bbox 712 2249 833 2306; x_wconf 87' lang='lat' dir='ltr'>quercus</span> 
     </span>
    </p>

    <p class='ocr_par' dir='ltr' id='par_1_21' title="bbox 144 2333 809 2412">
     <span class='ocr_line' id='line_1_21' title="bbox 144 2333 809 2412; baseline 0.006 -22"><span class='ocrx_word' id='word_1_126' title='bbox 144 2333 275 2410; x_wconf 82' lang='lat' dir='ltr'>Ingentis</span> <span class='ocrx_word' id='word_1_127' title='bbox 289 2335 388 2392; x_wconf 81' lang='lat' dir='ltr'>tendat</span> <span class='ocrx_word' id='word_1_128' title='bbox 401 2351 505 2405; x_wconf 80' lang='lat' dir='ltr'>ramos3</span> <span class='ocrx_word' id='word_1_129' title='bbox 527 2343 577 2392; x_wconf 89' lang='lat' dir='ltr'>aut</span> <span class='ocrx_word' id='word_1_130' title='bbox 590 2333 678 2392; x_wconf 71' lang='lat' dir='ltr'>sicubi</span> <span class='ocrx_word' id='word_1_131' title='bbox 691 2334 809 2412; x_wconf 87' lang='lat' dir='ltr'>nigrum</span> 
     </span>
    </p>

    <p class='ocr_par' dir='ltr' id='par_1_22' title="bbox 143 2437 849 2514">
     <span class='ocr_line' id='line_1_22' title="bbox 143 2437 849 2514; baseline 0.007 -21"><span class='ocrx_word' id='word_1_132' title='bbox 143 2437 261 2514; x_wconf 84' lang='lat' dir='ltr'>Ilicibus</span> <span class='ocrx_word' id='word_1_133' title='bbox 273 2438 379 2496; x_wconf 89' lang='lat' dir='ltr'>crebris</span> <span class='ocrx_word' id='word_1_134' title='bbox 392 2437 469 2496; x_wconf 78' lang='lat' dir='ltr'>sacri</span> <span class='ocrx_word' id='word_1_135' title='bbox 482 2455 583 2496; x_wconf 78' lang='lat' dir='ltr'>nemus</span> <span class='ocrx_word' id='word_1_136' title='bbox 596 2440 718 2497; x_wconf 85' lang='lat' dir='ltr'>adcubet</span> <span class='ocrx_word' id='word_1_137' title='bbox 732 2439 849 2498; x_wconf 76' lang='lat' dir='ltr'>rnnbri:</span> 
     </span>
    </p>

    <p class='ocr_par' dir='ltr' id='par_1_23' title="bbox 142 2539 937 2619">
     <span class='ocr_line' id='line_1_23' title="bbox 142 2539 937 2619; baseline 0.008 -22"><span class='ocrx_word' id='word_1_138' title='bbox 142 2539 223 2598; x_wconf 92' lang='lat' dir='ltr'>Tum</span> <span class='ocrx_word' id='word_1_139' title='bbox 236 2540 329 2598; x_wconf 87' lang='lat' dir='ltr'>tenuis</span> <span class='ocrx_word' id='word_1_140' title='bbox 342 2541 409 2599; x_wconf 88' lang='lat' dir='ltr'>dare</span> <span class='ocrx_word' id='word_1_141' title='bbox 422 2541 516 2600; x_wconf 79' lang='lat' dir='ltr'>rursus</span> <span class='ocrx_word' id='word_1_142' title='bbox 529 2559 624 2618; x_wconf 85' lang='lat' dir='ltr'>aquas,</span> <span class='ocrx_word' id='word_1_143' title='bbox 645 2552 675 2600; x_wconf 89' lang='lat' dir='ltr'>et</span> <span class='ocrx_word' id='word_1_144' title='bbox 688 2543 802 2619; x_wconf 86' lang='lat' dir='ltr'>pascere</span> <span class='ocrx_word' id='word_1_145' title='bbox 815 2543 910 2602; x_wconf 85' lang='lat' dir='ltr'>rursua</span> <span class='ocrx_word' id='word_1_146' title='bbox 934 2583 937 2588; x_wconf 89' lang='lat'>-</span> 
     </span>
    </p>

    <p class='ocr_par' dir='ltr' id='par_1_24' title="bbox 143 2641 858 2724">
     <span class='ocr_line' id='line_1_24' title="bbox 143 2641 858 2724; baseline 0.004 -23"><span class='ocrx_word' id='word_1_147' title='bbox 143 2641 215 2701; x_wconf 81' lang='lat' dir='ltr'>Solis</span> <span class='ocrx_word' id='word_1_148' title='bbox 227 2645 264 2702; x_wconf 84' lang='lat' dir='ltr'>ad</span> <span class='ocrx_word' id='word_1_149' title='bbox 276 2645 406 2703; x_wconf 85' lang='lat' dir='ltr'>occasum</span> <span class='ocrx_word' id='word_1_150' title='bbox 413 2670 421 2716; x_wconf 82' lang='lat'>3</span> <span class='ocrx_word' id='word_1_151' title='bbox 444 2663 534 2722; x_wconf 89' lang='lat' dir='ltr'>quum</span> <span class='ocrx_word' id='word_1_152' title='bbox 546 2647 670 2723; x_wconf 84' lang='lat' dir='ltr'>frigidus</span> <span class='ocrx_word' id='word_1_153' title='bbox 683 2648 747 2706; x_wconf 74' lang='lat' dir='ltr'>aira</span> <span class='ocrx_word' id='word_1_154' title='bbox 759 2647 858 2724; x_wconf 85' lang='lat' dir='ltr'>vesper</span> 
     </span>
    </p>

    <p class='ocr_par' dir='ltr' id='par_1_25' title="bbox 142 2748 845 2826">
     <span class='ocr_line' id='line_1_25' title="bbox 142 2748 845 2826; baseline 0.006 -22"><span class='ocrx_word' id='word_1_155' title='bbox 142 2748 307 2824; x_wconf 79' lang='lat' dir='ltr'>Temperat,</span> <span class='ocrx_word' id='word_1_156' title='bbox 327 2759 357 2806; x_wconf 87' lang='lat' dir='ltr'>et</span> <span class='ocrx_word' id='word_1_157' title='bbox 369 2749 455 2808; x_wconf 87' lang='lat' dir='ltr'>saltus</span> <span class='ocrx_word' id='word_1_158' title='bbox 469 2749 562 2808; x_wconf 83' lang='lat' dir='ltr'>reficit</span> <span class='ocrx_word' id='word_1_159' title='bbox 570 2749 632 2826; x_wconf 85' lang='lat' dir='ltr'>jam</span> <span class='ocrx_word' id='word_1_160' title='bbox 643 2749 754 2808; x_wconf 89' lang='lat' dir='ltr'>roscida</span> <span class='ocrx_word' id='word_1_161' title='bbox 766 2750 845 2822; x_wconf 90' lang='lat' dir='ltr'>luna,</span> 
     </span>
    </p>

    <p class='ocr_par' dir='ltr' id='par_1_26' title="bbox 142 2849 909 3035">
     <span class='ocr_line' id='line_1_26' title="bbox 142 2849 909 2928; baseline 0.007 -20"><span class='ocrx_word' id='word_1_162' title='bbox 142 2849 298 2928; x_wconf 81' lang='lat' dir='ltr'>Litoraque</span> <span class='ocrx_word' id='word_1_163' title='bbox 311 2851 450 2928; x_wconf 82' lang='lat' dir='ltr'>alcyoneo</span> <span class='ocrx_word' id='word_1_164' title='bbox 463 2853 605 2924; x_wconf 85' lang='lat' dir='ltr'>resonant,</span> <span class='ocrx_word' id='word_1_165' title='bbox 625 2853 804 2912; x_wconf 82' lang='lat' dir='ltr'>acalanthida</span> <span class='ocrx_word' id='word_1_166' title='bbox 818 2853 909 2914; x_wconf 88' lang='lat' dir='ltr'>dumi.</span> 
     </span>
     <span class='ocr_line' id='line_1_27' title="bbox 183 2953 892 3035; baseline 0.006 -23"><span class='ocrx_word' id='word_1_167' title='bbox 183 2953 272 3013; x_wconf 79' lang='lat' dir='ltr'>Quid.</span> <span class='ocrx_word' id='word_1_168' title='bbox 279 2954 333 3013; x_wconf 87' lang='lat' dir='ltr'>tibi</span> <span class='ocrx_word' id='word_1_169' title='bbox 345 2955 466 3032; x_wconf 86' lang='lat' dir='ltr'>pastores</span> <span class='ocrx_word' id='word_1_170' title='bbox 480 2957 590 3033; x_wconf 80' lang='lat' dir='ltr'>Libyae,</span> <span class='ocrx_word' id='word_1_171' title='bbox 610 2959 680 3035; x_wconf 90' lang='lat' dir='ltr'>quid</span> <span class='ocrx_word' id='word_1_172' title='bbox 692 2957 796 3035; x_wconf 86' lang='lat' dir='ltr'>pascua</span> <span class='ocrx_word' id='word_1_173' title='bbox 809 2958 892 3018; x_wconf 87' lang='lat' dir='ltr'>versu</span> 
     </span>
    </p>

    <p class='ocr_par' dir='ltr' id='par_1_27' title="bbox 140 3057 826 3139">
     <span class='ocr_line' id='line_1_28' title="bbox 140 3057 826 3139; baseline 0.012 -25"><span class='ocrx_word' id='word_1_174' title='bbox 140 3057 303 3134; x_wconf 79' lang='lat' dir='ltr'>Prosequor,</span> <span class='ocrx_word' id='word_1_175' title='bbox 323 3067 357 3117; x_wconf 85' lang='lat' dir='ltr'>et</span> <span class='ocrx_word' id='word_1_176' title='bbox 366 3060 435 3118; x_wconf 82' lang='lat' dir='ltr'>raris</span> <span class='ocrx_word' id='word_1_177' title='bbox 448 3059 578 3120; x_wconf 86' lang='lat' dir='ltr'>habitata</span> <span class='ocrx_word' id='word_1_178' title='bbox 591 3061 714 3139; x_wconf 85' lang='lat' dir='ltr'>mapalia</span> <span class='ocrx_word' id='word_1_179' title='bbox 727 3063 826 3122; x_wconf 77' lang='lat' dir='ltr'>tectis?</span> 
     </span>
    </p>

    <p class='ocr_par' dir='ltr' id='par_1_28' title="bbox 140 3149 936 3242">
     <span class='ocr_line' id='line_1_29' title="bbox 140 3149 936 3242; baseline 0.011 -23"><span class='ocrx_word' id='word_1_180' title='bbox 140 3160 219 3240; x_wconf 83' lang='lat' dir='ltr'>Saepe</span> <span class='ocrx_word' id='word_1_181' title='bbox 226 3149 313 3236; x_wconf 85' lang='lat' dir='ltr'>diem,</span> <span class='ocrx_word' id='word_1_182' title='bbox 322 3163 502 3242; x_wconf 68' lang='lat' dir='ltr'>noctemque,</span> <span class='ocrx_word' id='word_1_183' title='bbox 510 3173 540 3225; x_wconf 84' lang='lat' dir='ltr'>et</span> <span class='ocrx_word' id='word_1_184' title='bbox 547 3174 641 3226; x_wconf 84' lang='lat' dir='ltr'>totum</span> <span class='ocrx_word' id='word_1_185' title='bbox 649 3185 686 3226; x_wconf 84' lang='lat' dir='ltr'>ex</span> <span class='ocrx_word' id='word_1_186' title='bbox 693 3167 793 3227; x_wconf 82' lang='lat' dir='ltr'>ordine</span> <span class='ocrx_word' id='word_1_187' title='bbox 801 3167 936 3239; x_wconf 87' lang='lat' dir='ltr'>mensem,</span> 
     </span>
    </p>
   </div>
   <div class='ocr_carea' id='block_1_3' title="bbox 0 0 1122 3584">
    <p class='ocr_par' dir='ltr' id='par_1_29' title="bbox 0 0 1122 3584">
     <span class='ocr_line' id='line_1_30' title="bbox 0 0 1122 3584; baseline 0 1"><span class='ocrx_word' id='word_1_188' title='bbox 0 0 1122 3584; x_wconf 95' lang='lat' dir='ltr'> </span> 
     </span>
    </p>
   </div>
  </div>
 </body>
</html>
