2236 3584
176 211 217 276 98
412 203 742 276 GEORGICON,
825 275 830 288 .
867 200 976 274 v.'396.·

177 359 258 418 Hinc
269 367 301 418 ct
314 367 412 418 amant
424 362 528 422 fluvios
542 361 643 439 magis,
663 380 697 419 ae
709 357 802 436 rn'agis
814 361 901 416 ubera
914 366 978 416 ten·

210 469 212 476 '
256 464 338 534 dunt,

178 565 217 622 Et
229 565 294 623 salis
307 566 453 623 occultum
465 567 595 625 referunt
606 567 638 624 in
652 547 726 624 lade
738 565 876 641 saporem.

178 667 270 726 Multi
278 666 340 745 jam
353 677 480 726 excretos
493 669 647 745 prohibent
659 688 675 727 a
689 667 828 726 matribus
840 666 947 736 haedos,

178 769 330 845 Primaque
343 770 452 827 ferratis
464 771 619 848 praefigunt
631 789 679 828 ora
693 768 831 846 capistris·
925 787 927 790 ·

180 873 269 931 Quod
281 873 414 950 surgente
426 874 473 932 die
485 857 607 932 mulsere
621 873 754 949 horisque
766 869 885 940 diurnis,

177 975 273 1034 Nede
282 985 431 1052 premunt3
447 977 523 1051 quod
531 975 593 1052 jam
604 973 727 1032 tenebris
736 982 767 1032 et
779 973 836 1030 sole
846 973 976 1044 cadente,

179 1079 238 1136 Sub
251 1078 346 1134 lucem
359 1087 512 1154 exportans
525 1075 653 1147 calathis,
667 1076 727 1134 adit
740 1075 844 1154 oppida
856 1075 962 1152 pastor;

179 1184 242 1239 Aut
255 1199 340 1256 parco
352 1179 409 1236 sale
421 1179 604 1256 contingunt,
623 1179 771 1255 hiemique
784 1185 936 1255 reponunt.

219 1283 284 1340 Nec
298 1283 351 1340 tibi
364 1301 430 1340 cura
443 1301 549 1340 canum
560 1282 648 1340 fuerit
660 1282 811 1359 postrema:
834 1281 952 1342 seduna

178 1383 294 1442 Velocis
307 1385 413 1460 Spartae
425 1385 543 1453 catulos,
556 1401 707 1460 acremque
719 1381 884 1453 Moloffum,
915 1415 920 1424 ·

179 1486 263 1544 Pasce
276 1487 336 1542 sero
348 1485 462 1562 pingui.
501 1487 671 1562 Numquam
683 1485 843 1543 custodibus
855 1485 914 1542 illis

178 1588 363 1646 Nocturnum
377 1586 490 1644 stabulis
501 1588 606 1656 furem,
623 1587 809 1664 incurtirsque
821 1587 964 1664 luporum,

178 1692 242 1748 Aut
255 1691 398 1778 inpacatos
411 1709 428 1747 a
442 1698 522 1765 tergo
535 1689 662 1747 horrebis
674 1689 806 1746 Hiberos.

179 1793 259 1868 Saepe
273 1791 360 1849 etiam
373 1788 456 1849 cursu
470 1791 585 1850 timidos
597 1791 720 1868 agitabis
731 1809 861 1868 onagros,

178 1895 217 1952 Et
229 1893 347 1951 canibus
358 1894 494 1970 leporem,
515 1894 633 1951 canibus
645 1895 786 1952 venabere
798 1894 906 1950 darnae.

179 1997 268 2072 Saepe,
287 1995 443 2054 volutabris
456 1996 550 2072 pulsos
563 1995 741 2064 silvestribus,
756 2013 841 2072 apros
904 2041 906 2048 ,

177 2099 299 2156 Latratu
313 2097 440 2154 turbabis
452 2116 548 2173 agens,
568 2097 729 2173 montisque
741 2115 793 2173 per
805 2097 876 2155 altos

178 2201 332 2276 Ingentem
344 2200 469 2257 clamore
480 2218 591 2276 premes
604 2199 640 2258 ad
652 2200 722 2258 retia
735 2217 862 2258 cervum.

217 2301 304 2360 Disce
317 2312 347 2358 et
359 2301 509 2359 odoratum
522 2302 636 2360 stabulis
649 2303 806 2360 adcendere
818 2301 946 2370 cedrum,

178 2406 383 2480 Galbaneoque
395 2404 503 2480 agitare
516 2405 608 2480 gravis
621 2405 720 2462 nidore
733 2404 891 2481 chelydros.

178 2509 258 2584 Saepe
271 2507 323 2564 sub
335 2506 453 2564 inmotis
466 2506 646 2584 praesepibus‚
666 2515 716 2564 aut
728 2507 803 2566 mala
818 2507 896 2566 tadu

177 2610 285 2688 Vipera
297 2607 422 2677 delituit,
442 2608 604 2684 coelumque
617 2611 752 2668 exterrita
764 2610 857 2686 fugit3

176 2713 250 2780 Aut,
271 2710 347 2768 tedio
359 2710 492 2768 adsuetus
504 2711 621 2768 coluber
633 2710 781 2770 succedere
793 2728 824 2770 et
837 2714 956 2782 umbrae,
1071 2719 1072 2726 ’

177 2814 262 2871 Pestis
274 2813 375 2871 acerba
388 2814 486 2880 boum,
506 2811 658 2888 pecorique
671 2791 837 2891 adspergere
849 2815 936 2884 virus,

176 2916 261 2974 Fovit
285 2915 417 2972 humum.
463 2915 542 2991 Cape
565 2913 631 2973 saxa
650 2933 747 2986 manu,
772 2935 843 2993 cape
866 2919 974 2989 robora,
1067 2913 1069 2924 ’

275 3016 360 3074 altor·

176 3037 397 3194 Tollelrtemque
410 3115 545 3176 minaret
557 3117 637 3176 fibila
650 3120 722 3178 colla
736 3129 895 3183 tumerrtem
