2208 3574
160 213 220 264 πο
428 203 703 282 AE'Nnrnos,
871 220 957 284 v.70.

159 361 240 419 Dant
258 364 358 434 maria,
377 373 406 424 et
424 367 489 427 lenc
508 371 649 448 crepitans
662 379 747 429 vocat
763 367 855 428 auster
872 367 902 426 in
916 367 958 426 al-

238 473 310 534 tum,

160 565 316 625 Deducunt
329 567 398 627 socii
411 573 500 642 navis,
519 581 552 632 et
561 575 645 634 litora
659 574 804 651 conplent.

160 669 349 728 Provehimur
360 683 459 748 portu,
480 681 628 752 terraeque,
645 679 795 753 urbesque,
811 675 957 732 recedunt.

199 773 282 830 Sacra
294 774 367 831 mari
379 775 484 834 colitur
496 779 592 836 medio
605 763 759 855 gratiffima
772 778 856 836 tellus
960 797 963 802 ·

160 873 322 932 Nereidum
335 877 431 946 matri,
451 879 765 958 etNeptunoAEgaeo:
843 921 848 930 -
936 929 941 940 .

162 976 261 1034 Quam
273 977 338 1055 pius
350 979 531 1053 Arcitenens,
551 1001 614 1041 oras
627 993 657 1041 et
669 984 753 1041 litora
766 983 878 1046 circum

160 1081 320 1151 Errantem,
341 1083 436 1159 Gyaro
448 1084 522 1142 celtb
535 1086 721 1163 Myconoque
733 1087 868 1157 revinxit,

161 1185 362 1260 Inmotamque
375 1183 432 1244 coli
445 1187 534 1257 dedit,
554 1196 584 1247 et
597 1198 780 1247 contemnere
793 1197 904 1246 ventos.

161 1287 230 1345 Huc
242 1287 330 1358 seror,
351 1288 413 1345 haec
426 1289 508 1347 sessos
520 1298 585 1348 tuto
596 1290 782 1368 placidissima
795 1300 880 1367 portu

160 1389 304 1469 Adcipit.v
331 1391 438 1469 Egreffi
452 1411 620 1468 veneramur
631 1393 776 1471 Apollinis
788 1395 899 1454 urbem.

162 1495 224 1551 Rex
236 1493 339 1564 Anius,
360 1513 410 1552 rex
428 1493 506 1554 idem
524 1495 675 1554 hominum
694 1495 851 1572 Phoebique
869 1495 957 1554 sacer-

240 1598 300 1666 dos,
397 1615 400 1622 ¹
957 1593 960 1600 ’

161 1698 253 1756 vitus
267 1709 298 1756 et
309 1697 387 1756 sscrd
400 1699 550 1758 redimitus
563 1684 691 1778 tempora
703 1700 793 1768 lauro,

161 1799 312 1858 Occurrit:
336 1809 463 1860 veterem
476 1801 623 1860 Anchisen
634 1799 765 1878 agnoscit
776 1799 910 1858 amicum.

118 1891 122 1898 ¹
161 1902 316 1980 Jungimus
328 1903 451 1980 hospitio
464 1905 586 1973 dextras,
606 1912 637 1960 et
650 1903 722 1962 testa
736 1902 871 1964 subimus.

161 2005 283 2082 Templa
296 2005 342 2074 dei
355 2005 422 2064 saxo
435 2007 589 2064 venerabar
601 2005 702 2064 strusts
714 2005 838 2062 vetusto:

162 2108 209 2166 Da
216 2107 370 2184 propriam,
375 2107 557 2185 Thymbraee,
565 2107 698 2178 domum;
711 2107 747 2164 da
757 2105 958 2177 moenia-sellis,

162 2211 201 2268 Et
211 2229 312 2288 genus,
325 2219 355 2268 et
365 2210 528 2269 mansuram
537 2212 649 2268 urbem.
670 2212 753 2269 Serva
763 2211 852 2268 altera
863 2207 958 2286 Trojae

162 2314 308 2389 Pergama,
321 2312 453 2388 reliquias
461 2313 606 2381 Danaum,
616 2322 702 2389 atque
714 2311 826 2372 inmitis
837 2311 958 2370 Achilli.

164 2417 263 2474 Quem
276 2414 436 2492 sequimur?
457 2433 550 2490 quove
562 2415 603 2472 ire
612 2413 715 2492 jubes?
734 2415 785 2473 ubi
797 2431 902 2494 ponere
915 2414 958 2473 se·

241 2517 306 2574 des?

163 2621 219 2690 Da,
237 2628 328 2696 pater,
347 2619 512 2696 augurium,
534 2627 620 2694 atque
640 2617 742 2677 animis
753 2618 881 2678 inlabere
894 2619 958 2676 nos-²

241 2723 300 2782 tris.
382 2743 385 2748 ·
953 2701 979 2728 Ἰ

201 2826 261 2884 Vix
273 2845 307 2884 ea
319 2826 394 2906 fatus
406 2843 497 2896 eram;
519 2833 638 2882 tremere
650 2823 748 2882 omnia
761 2824 819 2882 visa
831 2831 958 2900 repente,

163 2927 342 3004 liminaque,
362 2927 514 3002 laurusque
525 2925 588 2996 dei3
609 2935 742 3003 totusque
753 2925 862 2984 moveri
924 2969 928 2976 .
954 2936 956 2946 ’

162 3031 251 3089 Mons
263 3027 382 3097 circum,
401 3037 431 3086 et
442 3027 556 3105 mugire
568 3027 660 3105 adytis
672 3028 782 3086 cortina
795 3027 916 3086 reclusis.

163 3131 293 3191 Submitti
306 3131 566 3208 petimusterrarn,
576 3140 606 3189 et
619 3149 676 3191 vox
693 3132 785 3204 fertur
797 3131 833 3191 ad
846 3130 937 3190 auris:
1047 3199 1050 3208 ἕ
