2194 3584
12 281 14 304 ‚
118 238 207 304 v.71.
334 193 761 302 ,ncnoenvnc‘
874 236 911 286 ει

118 386 250 466 Frigidus
262 385 294 444 in
307 389 394 464 pratis
406 391 548 452 cantando
560 389 704 465 rumpitur
716 385 826 464 anguis.

118 490 226 548 Ducite
246 492 282 547 ab
303 493 374 548 urbe
400 493 528 562 domum,
554 510 619 554 mea
645 489 782 560 carmina,
816 487 913 552 ducite

196 591 342 669 Daphnin.

103 679 104 684 ἵ
117 695 213 752 Tema
227 693 281 751 tihi
294 695 356 752 haec
368 694 504 778 primum,
518 694 624 772 triplici
637 693 745 752 diversa
758 693 860 763 colore,

117 795 200 854 Licia
213 795 377 868 circumd03
399 809 498 872 terque
507 796 582 854 hanc
595 796 694 854 altaria
707 795 816 854 circum

117 895 257 974 Effigiem
270 898 344 954 duco
348 923 358 970 i
381 917 499 956 numero
512 899 581 954 deus
594 898 693 974 inpare
706 899 820 974 gaudet.

117 1001 228 1058 Ducite
253 1001 290 1058 ab
315 1002 385 1058 urbe
408 1001 535 1072 domum,
563 1019 628 1058 mea
652 1001 787 1071 carmina,
816 999 913 1058 ducite

197 1102 344 1180 Daphnin.

116 1204 151 1261 N
151 1204 212 1261 ecte
225 1203 316 1262 tribus
329 1204 411 1262 nodis
424 1213 528 1273 ternos,
547 1205 700 1281 Amarylli,
720 1204 839 1275 colores3

117 1307 221 1376 Necte,
240 1306 392 1382 Amarylli‚
412 1309 498 1364 modo
503 1332 512 1378 3
534 1318 573 1378 et,
586 1307 715 1376 Veneris,
729 1307 785 1379 dic,
798 1306 913 1367 vincula

197 1409 289 1468 nediu.

116 1510 226 1569 Ducite
251 1513 287 1568 ab
312 1513 384 1568 urbe
409 1513 536 1581 domum,
563 1531 628 1572 mea
653 1513 789 1582 carmina,
817 1511 914 1571 ducite

197 1612 343 1689 Daphnin.

117 1715 220 1772 Limus
231 1723 264 1770 ut
276 1714 325 1771 hic
339 1714 471 1784 durescit,
491 1723 521 1772 et
530 1715 592 1773 haee
605 1724 638 1772 ut
650 1734 713 1774 cera
726 1715 866 1791 liquescit,
918 1718 922 1722 ’

117 1818 189 1874 Uno
199 1817 356 1891 eodemque
369 1816 446 1892 igni5
463 1817 506 1874 nc
518 1817 612 1874 nostro
625 1818 755 1893 Daphnis
769 1837 873 1876 amore.

119 1919 225 1995 Sparge
238 1917 354 1988 molam,
363 1927 393 1974 et
401 1917 511 1994 fragilis
523 1919 644 1978 incende
657 1919 799 1997 bitumine
812 1920 914 1978 lauros.

118 2020 251 2097 Daphnis
271 2040 318 2078 me
338 2020 429 2078 malus
449 2021 520 2078 urit:
542 2040 596 2098 ego
617 2022 691 2080 hanc
711 2023 743 2080 in
761 2023 915 2100 Daphnide

182 2123 320 2188 ,laurum

118 2224 227 2284 Ducite
252 2227 288 2282 ab
313 2226 384 2284 urbe
409 2226 536 2296 domum,
569 2245 633 2284 mea
658 2227 795 2298 carmina,
818 2227 915 2286 ducite

197 2325 344 2406 Daphnin.

118 2428 200 2487 Talis
212 2447 291 2486 amor
303 2427 451 2504 Daphnin,
465 2429 565 2504 qualis,
578 2450 669 2506 quum
681 2432 750 2490 feffa
759 2431 915 2509 juvencum

117 2533 173 2588 Per
185 2549 300 2590 nemora
313 2538 398 2604 atque
411 2531 483 2588 altos
495 2534 648 2606 quaerendo
661 2534 765 2594 bucula
778 2535 857 2593 lucos

118 2635 237 2710 Propter
250 2651 330 2708 aquae
343 2633 438 2689 rivum
449 2617 536 2690 uiridi
548 2636 710 2708 procumbit
722 2637 753 2694 in
767 2638 844 2709 ulva,

81 2745 85 2752 '
118 2735 244 2804 Perdita,
257 2747 317 2790 'uec
330 2733 397 2790 serae
411 2733 544 2792 meminit
555 2735 689 2794 decedere
703 2738 779 2796 noni
787 2763 796 2809 3

117 2837 202 2894 Talis
215 2855 293 2893 amor
307 2833 411 2903 teneat,
432 2855 486 2892 nec
498 2835 533 2893 fit
544 2837 618 2894 mihi
631 2857 698 2896 cura
710 2839 828 2897 mederi.
899 2865 902 2870 Δ

118 2938 229 2994 Ducite
251 2939 287 2994 ab
313 2939 384 2994 urbe
409 2938 536 3008 domum,
568 2959 633 2998 mea
658 2941 793 3011 cannina,
820 2943 916 3000 ducite

200 3037 347 3114 Daphnin.
882 3015 887 3027 '

118 3141 184 3199 Has
197 3140 266 3198 olim
279 3139 395 3202 exuvias
408 3140 481 3199 mihi
494 3141 618 3217 perfidus
630 3143 681 3202 ilie
693 3145 818 3220 reliquit,
