2194 3584
127 191 235 244 nm.
429 185 544 245 nro.
568 155 609 245 ¹1.
890 187 930 256 ⁵7

168 339 199 398 Si
211 357 278 400 vero
289 335 378 400 solem
390 343 427 401 ad
439 331 581 420 rapidum,
601 344 742 419 lunasque
753 337 897 417 sequentis

127 441 249 516 Ordine,
269 443 415 522 respicies3
437 457 597 523 numquam
610 455 640 504 te
653 443 772 503 crastina
785 441 868 500 fallet

127 547 217 616 Hora,
236 564 331 624 neque
343 547 453 606 infidiie
466 549 558 608 nodis
569 548 682 626 capiere
695 547 810 604 serenae.

127 648 219 720 Luna,
232 660 405 709 revertentes
416 669 508 728 quum
519 650 646 728 primum
659 649 780 726 conligit
790 647 877 725 ignis,

128 751 158 810 si
171 751 289 828 nigrum
300 752 419 811 obscuro
432 753 634 831 conprenderit
646 754 711 810 aera
724 769 825 820 cornu,

126 855 286 912 Maxumus
300 854 433 931 agricolis
445 856 604 932 pelagoque
616 855 765 933 parabitur
776 854 884 912 imber:

125 958 179 1025 At,
200 957 221 1014 fi
234 957 398 1033 virgineum
412 957 563 1016 suffuderit
575 975 624 1015 ore
637 960 781 1026 ruborem,
822 979 823 984 ¹

125 1061 240 1118 Ventus
252 1061 307 1118 erit
313 1086 322 1132 3
343 1070 431 1119 vento
444 1061 555 1138 semper
566 1062 651 1119 rubet
663 1077 749 1120 aurea
760 1059 877 1118 Phoebe.

125 1163 177 1220 Sin
191 1171 257 1222 ortu
269 1163 302 1220 io
314 1173 426 1240 quarto,
442 1181 567 1239 namque
579 1163 603 1220 ir
616 1161 904 1231 confidimus-audior,
1005 1207 1007 1212 .

124 1267 209 1336 Pura,
230 1285 323 1341 neque
336 1265 442 1324 obtufis
454 1284 506 1344 per
517 1265 624 1324 coelum
635 1264 769 1323 cornibus
781 1264 855 1335 ibit;

123 1369 219 1426 Totus
231 1379 261 1426 et
273 1369 323 1427 ille
335 1369 405 1440 dies,
424 1379 464 1438 et,
484 1368 536 1445 qui
547 1367 699 1426 nascentur
706 1368 745 1426 ab
757 1366 810 1426 illo

124 1471 268 1529 Exortum
281 1472 318 1530 ad
330 1469 467 1541 mensem,
480 1470 578 1549 pluvii
591 1470 740 1548 ventisque
753 1470 903 1528 carebunt:

124 1574 259 1649 Votaque
272 1573 378 1641 servati
389 1573 500 1632 solvent
511 1573 544 1632 in
556 1573 641 1632 litore
653 1581 748 1632 nautae

124 1676 247 1747 Glauco,
266 1686 297 1734 et
310 1679 456 1754 Panopeae,
477 1687 508 1735 et
521 1677 593 1735 Inoo
605 1675 774 1735 Melicerte.

165 1780 213 1838 Sol
231 1791 354 1857 quoque,
373 1791 404 1838 et
416 1779 557 1850 exoriens,
580 1789 610 1838 et
627 1797 718 1856 quum
735 1777 764 1835 se
783 1776 881 1837 condit
894 1777 925 1836 in
941 1823 957 1837 „

243 1884 341 1955 undas,

125 1985 213 2064 Signa
227 1983 320 2044 dabit:
344 1986 433 2046 solem
445 1985 594 2046 certiffitna
607 1985 686 2063 signa
699 1985 866 2062 sequuntur,

125 2087 164 2146 Et
177 2107 241 2164 quae
252 2107 343 2148 mane.
351 2088 447 2160 refert,
468 2098 498 2146 et
510 2108 575 2165 quae
587 2087 771 2166 surgentibus
782 2087 871 2148 astris.

125 2191 180 2248 Ille
193 2190 244 2270 ubi
252 2192 420 2258 ¹nascentem
433 2189 554 2250 maculis
565 2189 718 2250 variaverit
729 2192 838 2260 orbem,

125 2293 266 2352 Conditus
278 2293 309 2350 in
323 2295 439 2361 nubem,
459 2292 612 2370 medioque
625 2293 766 2370 refugerit
777 2304 854 2364 ortu,

125 2393 255 2470 Suspebti
268 2393 322 2452 tibi
335 2395 389 2454 smt
402 2395 508 2452 imbres
513 2419 522 2466 ς
544 2413 669 2469 namque
681 2406 786 2473 urguet
798 2399 835 2455 ab
848 2396 907 2456 alto

123 2497 342 2573 Arboriburque
355 2497 479 2572 satisque
492 2496 589 2554 Notus
601 2497 757 2574 pecorique
770 2499 884 2558 finister.

122 2603 188 2658 Ant
201 2598 252 2658 ubi
264 2599 317 2658 sub
329 2600 423 2658 lucem
437 2597 522 2656 densa
535 2598 612 2656 inter
624 2598 724 2658 nubila
737 2599 795 2658 sese

121 2701 237 2762 Divern
250 2710 387 2780 rumpent
398 2701 481 2772 radii,
501 2711 552 2776 aut
566 2701 618 2760 ubi
631 2701 738 2779 pallida
752 2702 848 2780 surget

122 2803 248 2864 ‘Iitboni
260 2823 394 2868 croceum
406 2804 540 2880 linquens
552 2805 667 2862 Aurora
679 2804 789 2875 cubile3

120 2906 209 2966 Heul
230 2907 306 2964 male
318 2915 380 2964 tum
393 2907 478 2964 mites
490 2906 789 2985 defendetpampinus
801 2925 884 2966 uvas:

119 3011 199 3068 Tam
214 3010 305 3068 multa
316 3008 346 3066 in
360 3009 440 3066 tedis
453 3008 596 3086 crepitans
606 3009 670 3068 salit
680 3009 794 3068 horrida
805 3011 922 3087 grando.

121 3113 192 3172 Hoc
205 3112 303 3184 etiam,
324 3110 438 3170 emenso
451 3130 541 3187 quum
551 3109 612 3188 jam
626 3112 744 3172 decedet
756 3111 890 3189 Olympo,
916 3157 922 3164 .
