2194 3584
161 227 200 282 ⁵4
394 221 723 291 GEORGICON,
851 222 961 276 subd&

161 375 273 436 Cunela
288 375 343 436 tibi
356 377 491 438 Cererem
503 381 593 456 pubes
606 377 720 456 agrestn
732 376 846 446 adoret3

162 479 219 538 Cui
233 489 265 536 tu
278 479 351 538 laste
365 480 444 539 favos
457 490 487 537 et
500 481 566 538 miti
580 481 659 540 dilue
672 479 795 549 llaccho,

162 585 280 658 Terque
293 599 380 640 novas
392 582 502 642 circum
514 584 586 642 felix
599 593 646 642 eat
658 581 748 642 hostia
761 582 869 658 fruges:

164 683 269 742 Omnis
282 703 369 760 quam
383 684 486 762 chorus
499 694 529 742 et
541 686 611 744 socii
624 685 798 742 comitentur
810 692 937 748 ovantes,
987 723 989 728 .

163 788 201 844 Et
215 788 350 846 Cererem
364 786 490 844 clamore
502 798 606 846 vocent
619 788 651 846 in
664 787 752 856 tedta3
774 803 867 861 neque
879 794 946 842 ante

163 889 278 948 Falcern
292 889 409 964 maturis
422 890 574 966 quisquam
587 890 727 968 supponat
740 887 838 958 aristis,

166 993 265 1048 Quam
278 991 386 1059 Cereri,
405 993 482 1049 torta
494 993 644 1064 redimitus
657 1002 785 1069 tempora
798 1009 914 1067 quercu,

165 1095 225 1152 Det
238 1103 335 1152 motus
347 1093 558 1172 incomposrtos,
579 1104 609 1152 et
621 1095 748 1154 carmina
762 1093 849 1152 dicat.

188 1257 191 1262 ,
203 1198 313 1272 Atque,
326 1195 388 1254 haec
399 1206 433 1253 ut
444 1197 530 1254 certis
542 1198 676 1274 poffimus
689 1197 797 1256 discere
811 1194 907 1272 lignis,

166 1299 330 1374 AEflusque,
349 1297 525 1376 pluviasque,
543 1311 573 1357 et
586 1300 697 1377 agentis
710 1299 819 1376 frigora
831 1307 946 1366 ventos,

165 1399 228 1479 Ipse
242 1401 325 1458 Pater
339 1400 445 1470 statuit,
466 1402 538 1478 quid
551 1403 692 1478 menstrua
706 1404 789 1462 Luna
802 1410 945 1468 monerem
1014 1427 1015 1436 κ

167 1505 236 1562 Quo
250 1501 331 1579 figno
343 1503 477 1560 caderent
490 1503 589 1575 austri3
610 1504 680 1579 quid
693 1503 766 1580 saepe
778 1503 908 1562 videntes

166 1605 314 1682 Agricolae
326 1605 456 1682 proprius
470 1604 585 1664 stabulis
598 1616 727 1668 armenta
741 1614 881 1664 tenerent.

167 1707 324 1776 Continuo,
338 1707 432 1766 ventis
445 1707 636 1784 surgentibus,
657 1719 706 1768 aut
720 1687 794 1768 freta
807 1707 889 1786 ponti

166 1809 317 1886 Incipiunt
329 1809 439 1886 agitata
452 1809 619 1880 tumescere,
637 1820 667 1868 et
679 1812 774 1870 aridus
786 1811 852 1869 altis

167 1911 322 1975 Montibus
335 1911 428 1970 audiri
440 1912 552 1988 fragor3
573 1925 623 1970 aut
636 1913 795 1972 resonantia
808 1913 895 1989 longe

167 2013 265 2072 Litora
276 2013 397 2084 misceri,
411 2024 441 2072 et
451 2033 602 2073 nemorum
614 2015 821 2074 increbrescere
830 2034 970 2074 murmur.
983 2051 986 2056 ·

167 2118 235 2194 Jam
248 2116 300 2174 srbi
315 2125 378 2174 tum
391 2116 485 2175 curvis
497 2117 573 2176 male
586 2125 726 2194 temperat
741 2118 819 2175 unda
831 2117 949 2174 carinis:

168 2219 273 2278 Quum
286 2219 383 2276 medio
395 2220 500 2277 celeres
512 2221 641 2278 revolant
654 2239 692 2278 ex
705 2237 819 2294 aequore
832 2219 934 2294 mergi,

169 2321 391 2396 Clamoremque
409 2321 507 2380 ferunt
519 2323 555 2380 ad
567 2322 666 2391 litora;
687 2341 836 2398 quumque
852 2321 972 2379 maricae

168 2424 203 2482 In
218 2424 291 2481 ficco
302 2423 408 2481 ludunt
420 2423 533 2494 fulicae,
555 2433 692 2498 notasque
704 2423 823 2500 paludes

169 2525 293 2596 Deserit,
314 2533 402 2601 alque
415 2525 504 2584 altam
517 2525 599 2602 supra
613 2527 689 2584 volat
700 2526 786 2598 ¹ardea
800 2527 917 2582 nubem.

171 2631 250 2706 Saepe
263 2629 351 2687 etiam
363 2627 463 2696 stellas,
476 2640 563 2687 vento
577 2629 762 2706 inpendente,
774 2629 886 2688 videbis

170 2731 334 2808 Praecipites
346 2730 420 2788 coelo
432 2731 500 2798 labi,
520 2731 667 2807 nodisque
679 2751 731 2808 per
742 2733 876 2792 umbram

171 2835 366 2893 Flammarum
377 2833 478 2910 longos
491 2852 508 2891 a
521 2843 603 2910 tergo
620 2833 759 2892 albescere
774 2835 876 2894 traetus
883 2858 892 2904 3

172 2941 251 3015 Saepc
262 2938 356 2996 levem
367 2937 480 3016 paleam
491 2945 522 2994 et
535 2937 650 2994 frondes
662 2936 782 2998 volitare
795 2936 926 3004 caducas,

171 3043 234 3098 Aut
248 3041 360 3098 summe
373 3039 469 3098 nantis
480 3039 513 3097 in
526 3039 601 3116 aqud
613 3038 766 3096 conludere
778 3039 899 3117 plumas.

177 3144 215 3200 nt
229 3145 326 3202 Boreae
338 3143 374 3200 de
385 3151 468 3220 parte
481 3141 570 3201 trucis
581 3160 672 3219 quum
685 3141 831 3210 fulminat,
844 3149 875 3200 et
884 3161 973 3219 quum
