2236 3584
162 230 190 274 v.
200 223 268 276 sao.
468 217 568 276 ΜΒ.
607 221 663 278 111.
862 205 866 212 ⁴
904 231 961 285 ros

160 371 293 458 Flumina
297 396 306 442 3
328 390 381 430 nec
394 371 505 432 somnos
518 374 664 452 abrumpit
676 395 742 436 cura
757 378 888 438 salubres.

199 476 344 551 Tempore
356 495 414 532 non
427 477 484 534 alio
496 477 597 536 dicunt
609 478 775 555 regionibus
787 481 845 540 illis

162 577 303 638 Quantas
316 579 353 636 ad
365 579 441 636 sacra
455 581 540 638 boves
553 581 684 656 Junonis,
702 590 732 642 et
744 583 803 642 uris

161 678 311 756 Inparibus
325 681 423 739 dubios
434 681 493 739 alta
506 683 542 740 ad
556 683 672 741 donaria
684 702 791 742 curnis.

200 783 278 858 Ergo
289 801 365 860 aegre
378 781 470 840 rastris
483 792 587 844 terram
600 785 750 856 rimantur,
769 795 798 844 et
811 787 877 863 ipfis
971 817 973 824 ·

160 884 317 961 Unguibus
330 885 478 944 infodiunt
491 887 597 962 fruges,
608 888 771 963 montisque
782 908 835 965 per
847 889 920 948 altos

161 987 307 1046 Contenti
319 989 428 1046 cervice
442 987 559 1044 trahunt
572 988 716 1046 stridentia
730 990 860 1066 plaustra„
941 1037 942 1046 ,

159 1089 231 1146 Non
243 1089 328 1167 lupus
340 1091 455 1149 insidias
468 1091 599 1166 explorat
611 1089 698 1148 ovilia
711 1091 829 1160 circum,

160 1191 227 1248 Nec
239 1193 374 1270 gregibus
387 1187 541 1274 nociturum
551 1194 718 1253 obambulat
722 1218 731 1264 3
754 1194 844 1252 acrior
856 1195 941 1254 lllum'

161 1295 238 1352 Cura
252 1297 363 1356 domat:
386 1295 482 1361 timidi
495 1297 596 1366 damae,
617 1296 751 1371 cervique
764 1297 890 1372 fugaces,

161 1395 250 1454 Nunc
261 1397 393 1474 interque
406 1417 490 1455 canes
503 1407 532 1454 et
543 1397 652 1454 circum
665 1399 738 1455 tedia
751 1409 900 1474 vagantur.

161 1499 227 1576 Jam
239 1500 325 1558 maris
337 1499 458 1562 inmensi
471 1499 589 1576 prolem,
610 1508 640 1556 et
656 1518 745 1576 genus
758 1520 843 1558 omne
856 1512 959 1561 natan·

240 1611 313 1674 turn,
416 1643 418 1648 ,

161 1703 259 1762 Litore
271 1705 302 1762 in
316 1713 454 1774 extremo,
474 1724 527 1762 ceu
540 1705 679 1780 naufraga
692 1723 817 1782 corpora,
835 1706 939 1764 flodus

161 1807 285 1864 Proluit:
308 1807 430 1869 insolitae
443 1807 563 1883 fugiunt
575 1807 607 1864 in
620 1806 741 1864 fiumina
754 1807 862 1883 phncae.

161 1909 265 1966 Interit
276 1920 315 1978 et,
335 1910 426 1968 curvis
439 1909 540 1966 frustra
553 1908 667 1967 defensa
680 1908 806 1977 latebris,

160 2009 278 2087 Vipera,
297 2020 327 2070 et
341 2011 463 2070 adtoniti
477 2011 601 2086 squamis
614 2009 787 2068 adstantibus
799 2010 893 2088 hydri.
985 1991 989 1997 ¹

160 2112 230 2188 Ipfis
242 2113 282 2170 est
294 2115 342 2172 air
354 2113 452 2170 avibus
466 2131 523 2170 non
537 2131 645 2187 aequus5
665 2121 695 2168 et
708 2111 766 2168 illae

162 2214 323 2291 Praecipites
337 2215 395 2272 alte
407 2215 498 2274 vitam
511 2215 562 2272 sub
575 2215 652 2270 nube
665 2214 842 2290 relinquunt.

161 2317 298 2400 Praeterea
307 2316 369 2393 jatn
382 2335 435 2374 nec
449 2317 554 2374 mutari
567 2316 672 2393 pabula
685 2316 781 2386 refert,

161 2419 353 2494 Quaefitaeque
365 2428 469 2476 nocent
481 2428 568 2476 artes:
588 2405 693 2476 'cessere
706 2419 843 2494 magistri,

161 2521 329 2598 Phillyrides
342 2521 451 2580 Chiron
464 2520 734 2598 Amythaoniusque
747 2521 919 2597 Melampus.

161 2625 256 2694 Saevit,
276 2634 314 2696 et,
335 2626 366 2682 in
379 2625 473 2682 lucem
486 2624 593 2700 Stygiis
606 2623 702 2680 emilia
716 2624 851 2691 tenebris,

160 2728 268 2785 Pallida
279 2727 435 2804 Tifipbone
449 2728 568 2785 Morbos
582 2725 643 2800 agit
657 2735 733 2794 ante,
747 2727 935 2799 Metumque3

160 2831 253 2906 Inque
265 2829 325 2887 dies
338 2828 457 2910 avidum
470 2827 586 2904 surgens
598 2835 685 2903 caput
698 2826 784 2883 altius
796 2824 889 2883 effert.

70 2955 72 2959 ¹
160 2932 261 2990 Balatu
275 2949 419 3012 pecorum,
439 2940 471 2986 et
483 2929 588 2988 crebris
600 2927 768 3004 mugitibus,
790 2946 888 2994 amnes

160 3036 341 3110 Arentesque
353 3033 455 3091 sonant
468 3031 547 3108 ripae,
567 3031 710 3105 collesque
724 3027 827 3104 supini.

161 3135 284 3214 Jamque
293 3136 462 3202 catervatim
472 3136 521 3194 dat
531 3134 661 3209 stragem,
671 3123 757 3208 atque
766 3143 885 3210 aggerat
895 3133 962 3211 ipfis
