2208 3574
428 144 474 192 IN
498 145 742 193 VIRGILIUM

318 286 400 347 Perque
410 289 503 334 ‘novem
513 287 586 343 luces,’
602 301 676 348 expers
686 286 791 347 undaeque
801 285 894 347 cibique,

319 373 405 420 ‘Rorc’
417 389 486 431 mero,
503 374 662 436 lachrymisque
671 374 714 420 suis
721 374 804 436 jejunia
814 375 883 436 pavit.

191 464 248 510 Vide
256 463 343 510 Lucret.
353 462 385 508 vi·
398 474 453 519 720.
487 464 516 508 Et
526 459 556 508 iti
570 463 640 508 noster
653 459 722 508 etiim
731 461 807 524 sepius
820 463 906 508 locutus
918 460 949 506 est
964 459 992 506 in

192 552 233 598 hoc
250 549 356 613 po’e'mate.

223 641 275 687 Ver.
287 650 340 699 554.
361 636 505 694 Concinnibs,
521 633 547 684 ni
557 636 630 696 fallor,
643 638 741 686 ordinavi
751 639 833 684 locum.

484 843 519 882 ΙΝ
541 841 691 882 CULICEM.

224 981 277 1027 Ver,
295 992 334 1040 23·
361 980 478 1041 Seqmmur
494 980 609 1026 dodlonrm
627 980 726 1026 virorum
744 977 902 1040 conjec'turam·
943 975 993 1020 lias

192 1081 254 1113 voces
269 1065 367 1113 confusas
376 1067 473 1112 vidimus
483 1067 574 1112 librariis
583 1067 610 1112 ad
624 1068 703 1125 Goorg.
716 1066 746 1111 iv.
760 1078 812 1126 509.
845 1063 901 1130 Qis
913 1060 994 1108 autbm

192 1154 216 1204 in
227 1155 261 1200 his
270 1154 390 1216 quisquiliis
401 1155 492 1200 rationes
501 1154 586 1200 criticas
594 1152 686 1200 severius
696 1153 809 1200 subdudlas
819 1151 950 1213 postulabit?

224 1243 278 1291 Ver.
291 1256 328 1302 34.
349 1242 413 1287 Olim
429 1241 581 1300 castigavimus
596 1241 655 1296 huuc
669 1242 745 1286 locum
754 1241 780 1286 ad
791 1241 871 1298 Georg.
886 1239 917 1285 iii.
934 1251 994 1297 292.

192 1331 293 1377 editionis
302 1330 388 1376 nostroe.

224 1419 277 1465 Ver.
285 1430 325 1476 4¹·
344 1418 399 1462 Haec
408 1416 472 1463 dodla
481 1418 512 1464 est
521 1428 543 1463 et
551 1415 612 1464 valdd
620 1416 743 1464 verisimilis
752 1414 876 1464 emendatio
882 1413 993 1474 scaligeri.

224 1506 276 1554 Ver.
287 1517 327 1565 47.
350 1504 384 1551 Sic
397 1503 497 1551 fortallb:

320 1593 374 1656 Jam
384 1591 441 1638 silvis
451 1592 566 1654 dumisque
576 1595 667 1640 ‘vacant
674 1593 689 1648 ς’
702 1593 751 1653 jam
761 1591 852 1638 vallibus
861 1591 942 1636 abdunt

320 1679 428 1738 Corporaq
438 1678 537 1742 jamque,
547 1681 610 1726 omni
621 1684 629 1711 ‘
635 1679 739 1726 celebres’
751 1677 763 1724 ὲ
773 1689 833 1739 parte
843 1665 989 1737 vagantes&

193 1768 207 1813 i.
218 1783 237 1813 e.
255 1765 488 1814 ‘densat-confertae!
995 1819 997 1828 Ι

224 1856 279 1902 Ver.
293 1865 330 1915 50.
349 1851 385 1900 Iti
401 1854 531 1913 legendum:
550 1855 566 1900 i.
577 1870 597 1900 e·
619 1854 765 1913 virgultorum
783 1853 919 1912 ‘gemmam'
941 1852 993 1898 vide

193 1944 241 1990 Ecl.
252 1959 274 1988 x.
286 1956 309 2001 7.
326 1952 349 1988 et
359 1957 420 1988 voces
428 1941 525 1988 confusos
536 1957 575 2002 pro
586 1957 648 2000 more
657 1941 684 1986 ad
695 1943 751 1990 Geo.
761 1941 785 1986 ii.
798 1953 851 2001 332.

224 2033 277 2078 Ver.
291 2042 327 2090 53.
350 2029 407 2077 Vide
418 2031 501 2075 Silvam
511 2029 629 2085 Criticam,
645 2029 695 2075 se&
707 2029 767 2074 cxlii.

225 2121 281 2167 Ver.
293 2118 334 2166 60.
357 2120 416 2178 lego
427 2118 527 2180 ‘pedtiue
537 2119 552 2164 :¹
570 2114 696 2179 metaphoric
706 2132 750 2162 non
760 2113 841 2178 inepti,
851 2117 878 2164 ab
888 2132 991 2177 agrorum

193 2205 342 2269 cultu'qetiti.

227 2296 283 2342 Ver.
296 2307 335 2353 7ο.
358 2291 417 2342 Beni
433 2292 541 2344 Heinsius.
560 2269 671 2353 superfl'ua
687 2292 718 2338 est
734 2307 777 2339 vox
794 2297 872 2339 ‘notat
882 2292 897 2338 :'
916 2290 993 2340 confer

196 2385 275 2440 Georg.
289 2381 319 2428 iv.
338 2381 391 2440 306.

226 2471 281 2516 Ver.
292 2481 305 2527 7
308 2483 330 2531 5.
353 2468 474 2513 Intulimus
484 2467 618 2528 conjedluras
628 2466 731 2529 proprias,
747 2482 799 2528 quas
808 2467 878 2514 asserit
892 2469 991 2530 princeps

195 2559 255 2605 locus
265 2556 289 2602 in
299 2557 379 2614 Georg.
390 2555 414 2602 ii.
426 2567 480 2615 524.

344 2675 351 2692 .
373 2671 621 2690 ...........
637 2642 702 2689 ubera
713 2643 813 2689 ‘vaccae’

324 2730 404 2780 lanea
412 2731 531 2778 demittunt
539 2746 545 2778 :

195 2821 269 2870 confer
283 2818 350 2868 eslim
362 2821 394 2866 iii.
408 2833 460 2878 ¹77·
483 2821 536 2884 Jam
545 2816 597 2884 verb
610 2820 694 2880 copula
707 2821 782 2881 pisum
796 2835 834 2882 per
848 2821 986 2868 librariorum

196 2913 313 2968 incuriam,
329 2919 351 2954 et
360 2909 388 2954 ob
397 2907 552 2969 compendium
563 2907 682 2968 scriptura,
696 2909 804 2956 codicibus
814 2910 947 2956 exciderunt.

227 3001 280 3047 Ver.
292 2999 330 3045 80.
353 2996 445 3043 Seorsrm
456 2995 588 3056 conjeceram
600 2998 608 3025 ‘
615 2997 721 3044 inhiavit’
733 2999 779 3061 post
792 2997 916 3047 Heinsrum.
