<?xml version="1.0" encoding="UTF-8"?>
<!DOCTYPE html PUBLIC "-//W3C//DTD XHTML 1.0 Transitional//EN"
    "http://www.w3.org/TR/xhtml1/DTD/xhtml1-transitional.dtd">
<html xmlns="http://www.w3.org/1999/xhtml" xml:lang="en" lang="en">
 <head>
  <title>
</title>
<meta http-equiv="Content-Type" content="text/html;charset=utf-8" />
  <meta name='ocr-system' content='tesseract 3.04.00' />
  <meta name='ocr-capabilities' content='ocr_page ocr_carea ocr_par ocr_line ocrx_word'/>
</head>
<body>
  <div class='ocr_page' id='page_1' title='image "./pvirgiliimaroni02wakegoog/pvirgiliimaroni02wakegoog_0270.png"; bbox 0 0 2208 3574; ppageno 0'>
   <div class='ocr_carea' id='block_1_1' title="bbox 106 173 902 295">
    <p class='ocr_par' dir='ltr' id='par_1_1' title="bbox 106 173 902 295">
     <span class='ocr_line' id='line_1_1' title="bbox 106 173 902 295; baseline 0.001 -16"><span class='ocrx_word' id='word_1_1' title='bbox 106 217 216 295; x_wconf 58' lang='lat' dir='ltr'>mou.</span> <span class='ocrx_word' id='word_1_2' title='bbox 323 207 512 284; x_wconf 65' lang='lat' dir='ltr'>*utu</span> <span class='ocrx_word' id='word_1_3' title='bbox 552 225 624 283; x_wconf 90' lang='lat'>111.·</span> <span class='ocrx_word' id='word_1_4' title='bbox 723 173 725 182; x_wconf 15' lang='lat' dir='ltr'><strong><em>J</em></strong></span> <span class='ocrx_word' id='word_1_5' title='bbox 840 221 902 293; x_wconf 60' lang='grc' dir='ltr'>περ</span> 
     </span>
    </p>
   </div>
   <div class='ocr_carea' id='block_1_2' title="bbox 6 377 996 3254">
    <p class='ocr_par' dir='ltr' id='par_1_2' title="bbox 6 377 996 3254">
     <span class='ocr_line' id='line_1_2' title="bbox 111 377 888 457; baseline -0.004 -21"><span class='ocrx_word' id='word_1_6' title='bbox 111 377 232 440; x_wconf 81' lang='lat' dir='ltr'>Labitur</span> <span class='ocrx_word' id='word_1_7' title='bbox 237 401 245 449; x_wconf 77' lang='lat'>3</span> <span class='ocrx_word' id='word_1_8' title='bbox 266 385 296 437; x_wconf 84' lang='lat' dir='ltr'>et</span> <span class='ocrx_word' id='word_1_9' title='bbox 307 377 394 457; x_wconf 85' lang='lat' dir='ltr'>longo</span> <span class='ocrx_word' id='word_1_10' title='bbox 406 380 456 438; x_wconf 85' lang='lat' dir='ltr'>vix</span> <span class='ocrx_word' id='word_1_11' title='bbox 470 380 585 439; x_wconf 75' lang='lat' dir='ltr'>taudem</span> <span class='ocrx_word' id='word_1_12' title='bbox 597 378 726 456; x_wconf 74' lang='lat' dir='ltr'>tompore</span> <span class='ocrx_word' id='word_1_13' title='bbox 738 380 829 436; x_wconf 79' lang='lat' dir='ltr'>satur:</span> <span class='ocrx_word' id='word_1_14' title='bbox 884 399 888 404; x_wconf 90' lang='lat'><em>·</em></span> 
     </span>
     <span class='ocr_line' id='line_1_3' title="bbox 110 477 817 549; baseline 0.001 -14"><span class='ocrx_word' id='word_1_15' title='bbox 110 477 224 536; x_wconf 77' lang='lat' dir='ltr'>Vera&#39;oo</span> <span class='ocrx_word' id='word_1_16' title='bbox 237 487 265 537; x_wconf 86' lang='lat' dir='ltr'>te</span> <span class='ocrx_word' id='word_1_17' title='bbox 278 480 373 549; x_wconf 83' lang='lat' dir='ltr'>facies,</span> <span class='ocrx_word' id='word_1_18' title='bbox 392 483 478 540; x_wconf 73' lang='lat' dir='ltr'>verus‘</span> <span class='ocrx_word' id='word_1_19' title='bbox 487 481 560 539; x_wconf 87' lang='lat' dir='ltr'>mihi</span> <span class='ocrx_word' id='word_1_20' title='bbox 572 483 690 538; x_wconf 85' lang='lat' dir='ltr'>nuntius</span> <span class='ocrx_word' id='word_1_21' title='bbox 703 479 817 547; x_wconf 58' lang='lat' dir='ltr'>adfero·</span> 
     </span>
     <span class='ocr_line' id='line_1_4' title="bbox 110 579 821 653; baseline -0.001 -16"><span class='ocrx_word' id='word_1_22' title='bbox 110 579 189 637; x_wconf 85' lang='lat' dir='ltr'>Nate</span> <span class='ocrx_word' id='word_1_23' title='bbox 202 582 271 638; x_wconf 71' lang='lat' dir='ltr'>dei?</span> <span class='ocrx_word' id='word_1_24' title='bbox 292 581 417 640; x_wconf 83' lang='lat' dir='ltr'>vivisne?</span> <span class='ocrx_word' id='word_1_25' title='bbox 438 593 497 653; x_wconf 84' lang='lat' dir='ltr'>aut,</span> <span class='ocrx_word' id='word_1_26' title='bbox 517 583 603 640; x_wconf 86' lang='lat' dir='ltr'>filux</span> <span class='ocrx_word' id='word_1_27' title='bbox 615 583 689 640; x_wconf 82' lang='lat' dir='ltr'>alma</span> <span class='ocrx_word' id='word_1_28' title='bbox 703 581 821 650; x_wconf 84' lang='lat' dir='ltr'>receffit,</span> 
     </span>
     <span class='ocr_line' id='line_1_5' title="bbox 112 681 903 758; baseline 0.003 -20"><span class='ocrx_word' id='word_1_29' title='bbox 112 681 219 739; x_wconf 64' lang='lat' dir='ltr'>Heitor</span> <span class='ocrx_word' id='word_1_30' title='bbox 232 683 282 740; x_wconf 90' lang='lat' dir='ltr'>ubi</span> <span class='ocrx_word' id='word_1_31' title='bbox 295 684 350 740; x_wconf 88' lang='lat' dir='ltr'>est?</span> <span class='ocrx_word' id='word_1_32' title='bbox 372 684 456 756; x_wconf 82' lang='lat' dir='ltr'>dixit,</span> <span class='ocrx_word' id='word_1_33' title='bbox 475 684 661 758; x_wconf 83' lang='lat' dir='ltr'>lacrimasque</span> <span class='ocrx_word' id='word_1_34' title='bbox 674 683 785 751; x_wconf 85' lang='lat' dir='ltr'>effudit,</span> <span class='ocrx_word' id='word_1_35' title='bbox 799 689 829 739; x_wconf 87' lang='lat' dir='ltr'>et</span> <span class='ocrx_word' id='word_1_36' title='bbox 841 683 903 740; x_wconf 70' lang='lat' dir='ltr'>ont-</span> 
     </span>
     <span class='ocr_line' id='line_1_6' title="bbox 178 790 254 844; baseline 0.026 -2"><span class='ocrx_word' id='word_1_37' title='bbox 178 790 254 844; x_wconf 77' lang='lat' dir='ltr'>‘neni</span> 
     </span>
     <span class='ocr_line' id='line_1_7' title="bbox 110 885 814 965; baseline -0.003 -21"><span class='ocrx_word' id='word_1_38' title='bbox 110 885 238 962; x_wconf 87' lang='lat' dir='ltr'>Inplevit</span> <span class='ocrx_word' id='word_1_39' title='bbox 250 888 373 946; x_wconf 78' lang='lat' dir='ltr'>elamore</span> <span class='ocrx_word' id='word_1_40' title='bbox 386 890 491 947; x_wconf 88' lang='lat' dir='ltr'>locum.</span> <span class='ocrx_word' id='word_1_41' title='bbox 530 889 590 946; x_wconf 84' lang='lat' dir='ltr'>Vix</span> <span class='ocrx_word' id='word_1_42' title='bbox 604 907 692 965; x_wconf 85' lang='lat' dir='ltr'>pauca</span> <span class='ocrx_word' id='word_1_43' title='bbox 706 886 814 944; x_wconf 82' lang='lat' dir='ltr'>furenti</span> 
     </span>
     <span class='ocr_line' id='line_1_8' title="bbox 112 987 757 1065; baseline -0.003 -19"><span class='ocrx_word' id='word_1_44' title='bbox 112 987 246 1065; x_wconf 86' lang='lat' dir='ltr'>Subjicio,</span> <span class='ocrx_word' id='word_1_45' title='bbox 268 991 378 1048; x_wconf 78' lang='lat' dir='ltr'>et-raris</span> <span class='ocrx_word' id='word_1_46' title='bbox 391 993 519 1048; x_wconf 86' lang='lat' dir='ltr'>turbatus</span> <span class='ocrx_word' id='word_1_47' title='bbox 533 989 649 1048; x_wconf 82' lang='lat' dir='ltr'>vocibus</span> <span class='ocrx_word' id='word_1_48' title='bbox 661 989 757 1046; x_wconf 87' lang='lat' dir='ltr'>hisco:</span> 
     </span>
     <span class='ocr_line' id='line_1_9' title="bbox 113 1087 900 1168; baseline 0 -22"><span class='ocrx_word' id='word_1_49' title='bbox 113 1087 188 1148; x_wconf 90' lang='lat' dir='ltr'>Vivo</span> <span class='ocrx_word' id='word_1_50' title='bbox 199 1089 342 1166; x_wconf 85' lang='lat' dir='ltr'>equidem,</span> <span class='ocrx_word' id='word_1_51' title='bbox 351 1091 497 1168; x_wconf 84' lang='lat' dir='ltr'>vitamque</span> <span class='ocrx_word' id='word_1_52' title='bbox 508 1101 634 1150; x_wconf 85' lang='lat' dir='ltr'>extrema</span> <span class='ocrx_word' id='word_1_53' title='bbox 647 1110 697 1168; x_wconf 90' lang='lat' dir='ltr'>per</span> <span class='ocrx_word' id='word_1_54' title='bbox 709 1090 805 1148; x_wconf 84' lang='lat' dir='ltr'>omnia</span> <span class='ocrx_word' id='word_1_55' title='bbox 818 1090 900 1148; x_wconf 84' lang='lat' dir='ltr'>duco.</span> 
     </span>
     <span class='ocr_line' id='line_1_10' title="bbox 111 1191 554 1253; baseline 0.007 -4"><span class='ocrx_word' id='word_1_56' title='bbox 111 1191 161 1250; x_wconf 75' lang='lat' dir='ltr'>No</span> <span class='ocrx_word' id='word_1_57' title='bbox 173 1192 286 1250; x_wconf 82' lang='lat' dir='ltr'>dubita:</span> <span class='ocrx_word' id='word_1_58' title='bbox 309 1212 377 1252; x_wconf 84' lang='lat' dir='ltr'>nam</span> <span class='ocrx_word' id='word_1_59' title='bbox 389 1213 454 1252; x_wconf 82' lang='lat' dir='ltr'>vera</span> <span class='ocrx_word' id='word_1_60' title='bbox 466 1195 554 1253; x_wconf 85' lang='lat' dir='ltr'>vides.</span> 
     </span>
     <span class='ocr_line' id='line_1_11' title="bbox 111 1293 810 1372; baseline 0.003 -22"><span class='ocrx_word' id='word_1_61' title='bbox 111 1293 192 1352; x_wconf 86' lang='lat' dir='ltr'>Heu!</span> <span class='ocrx_word' id='word_1_62' title='bbox 216 1294 278 1371; x_wconf 91' lang='lat' dir='ltr'>quis</span> <span class='ocrx_word' id='word_1_63' title='bbox 291 1295 418 1366; x_wconf 72' lang='lat' dir='ltr'>teulfus,</span> <span class='ocrx_word' id='word_1_64' title='bbox 439 1294 575 1372; x_wconf 72' lang='lat' dir='ltr'>dejeolum</span> <span class='ocrx_word' id='word_1_65' title='bbox 588 1294 709 1372; x_wconf 86' lang='lat' dir='ltr'>conjuge</span> <span class='ocrx_word' id='word_1_66' title='bbox 722 1303 810 1364; x_wconf 81' lang='lat' dir='ltr'>tant0,</span> 
     </span>
     <span class='ocr_line' id='line_1_12' title="bbox 112 1395 831 1474; baseline 0 -22"><span class='ocrx_word' id='word_1_67' title='bbox 112 1395 244 1474; x_wconf 84' lang='lat' dir='ltr'><strong>Excipit?</strong></span> <span class='ocrx_word' id='word_1_68' title='bbox 265 1407 315 1470; x_wconf 82' lang='lat' dir='ltr'>aut</span> <span class='ocrx_word' id='word_1_69' title='bbox 327 1416 391 1472; x_wconf 83' lang='lat' dir='ltr'>quae</span> <span class='ocrx_word' id='word_1_70' title='bbox 405 1397 491 1473; x_wconf 83' lang='lat' dir='ltr'>digua</span> <span class='ocrx_word' id='word_1_71' title='bbox 504 1397 570 1454; x_wconf 88' lang='lat' dir='ltr'>satis</span> <span class='ocrx_word' id='word_1_72' title='bbox 583 1398 706 1454; x_wconf 83' lang='lat' dir='ltr'><strong>Fortuna</strong></span> <span class='ocrx_word' id='word_1_73' title='bbox 720 1395 831 1454; x_wconf 78' lang='lat' dir='ltr'>revilili</span> 
     </span>
     <span class='ocr_line' id='line_1_13' title="bbox 111 1497 882 1574; baseline 0 -20"><span class='ocrx_word' id='word_1_74' title='bbox 111 1497 244 1556; x_wconf 68' lang='lat' dir='ltr'>Heotoris</span> <span class='ocrx_word' id='word_1_75' title='bbox 256 1499 466 1570; x_wconf 82' lang='lat' dir='ltr'><strong>Andromache,</strong></span> <span class='ocrx_word' id='word_1_76' title='bbox 482 1498 609 1574; x_wconf 88' lang='lat' dir='ltr'>Pyrrhin&#39;</span> <span class='ocrx_word' id='word_1_77' title='bbox 622 1498 763 1555; x_wconf 85' lang='lat' dir='ltr'>connubia</span> <span class='ocrx_word' id='word_1_78' title='bbox 776 1497 882 1555; x_wconf 80' lang='lat' dir='ltr'>servas?</span> 
     </span>
     <span class='ocr_line' id='line_1_14' title="bbox 112 1597 891 1675; baseline 0 -20"><span class='ocrx_word' id='word_1_79' title='bbox 112 1597 225 1675; x_wconf 87' lang='lat' dir='ltr'>Dejecit</span> <span class='ocrx_word' id='word_1_80' title='bbox 239 1601 357 1669; x_wconf 78' lang='lat' dir='ltr'>voltum,</span> <span class='ocrx_word' id='word_1_81' title='bbox 377 1609 407 1657; x_wconf 83' lang='lat' dir='ltr'>et</span> <span class='ocrx_word' id='word_1_82' title='bbox 420 1599 537 1658; x_wconf 64' lang='lat' dir='ltr'>demitto</span> <span class='ocrx_word' id='word_1_83' title='bbox 549 1618 617 1656; x_wconf 84' lang='lat' dir='ltr'>voce</span> <span class='ocrx_word' id='word_1_84' title='bbox 629 1599 724 1656; x_wconf 84' lang='lat' dir='ltr'>locuta</span> <span class='ocrx_word' id='word_1_85' title='bbox 736 1597 788 1656; x_wconf 83' lang='lat' dir='ltr'>est:</span> <span class='ocrx_word' id='word_1_86' title='bbox 885 1597 891 1604; x_wconf 83' lang='grc'><em>“</em></span> 
     </span>
     <span class='ocr_line' id='line_1_15' title="bbox 112 1698 708 1776; baseline -0.005 -18"><span class='ocrx_word' id='word_1_87' title='bbox 112 1698 141 1758; x_wconf 96' lang='grc' dir='ltr'><strong>Ο</strong></span> <span class='ocrx_word' id='word_1_88' title='bbox 154 1699 225 1758; x_wconf 81' lang='lat' dir='ltr'>felix</span> <span class='ocrx_word' id='word_1_89' title='bbox 237 1706 295 1758; x_wconf 82' lang='lat' dir='ltr'>u&#39;na</span> <span class='ocrx_word' id='word_1_90' title='bbox 308 1710 374 1759; x_wconf 83' lang='lat' dir='ltr'>ante</span> <span class='ocrx_word' id='word_1_91' title='bbox 387 1700 455 1758; x_wconf 84' lang='lat' dir='ltr'>alias</span> <span class='ocrx_word' id='word_1_92' title='bbox 468 1700 606 1758; x_wconf 77' lang='lat' dir='ltr'>Ptiamoi‘a</span> <span class='ocrx_word' id='word_1_93' title='bbox 619 1700 708 1776; x_wconf 88' lang='lat' dir='ltr'>virgo,</span> 
     </span>
     <span class='ocr_line' id='line_1_16' title="bbox 112 1799 864 1877; baseline -0.001 -18"><span class='ocrx_word' id='word_1_94' title='bbox 112 1801 253 1860; x_wconf 83' lang='lat' dir='ltr'>Hostilem</span> <span class='ocrx_word' id='word_1_95' title='bbox 266 1803 303 1860; x_wconf 80' lang='lat' dir='ltr'>ad</span> <span class='ocrx_word' id='word_1_96' title='bbox 315 1803 459 1860; x_wconf 86' lang='lat' dir='ltr'>tumulum</span> <span class='ocrx_word' id='word_1_97' title='bbox 471 1799 565 1877; x_wconf 85' lang='lat' dir='ltr'>Trojae</span> <span class='ocrx_word' id='word_1_98' title='bbox 580 1801 632 1858; x_wconf 90' lang='lat' dir='ltr'>sub</span> <span class='ocrx_word' id='word_1_99' title='bbox 645 1800 787 1858; x_wconf 68' lang='lat' dir='ltr'>moenibus</span> <span class='ocrx_word' id='word_1_100' title='bbox 799 1799 864 1860; x_wconf 79' lang='lat' dir='ltr'>altis</span> 
     </span>
     <span class='ocr_line' id='line_1_17' title="bbox 111 1901 786 1981; baseline -0.004 -21"><span class='ocrx_word' id='word_1_101' title='bbox 111 1903 189 1981; x_wconf 80' lang='lat' dir='ltr'>Julla</span> <span class='ocrx_word' id='word_1_102' title='bbox 201 1904 283 1973; x_wconf 85' lang='lat' dir='ltr'>mori,</span> <span class='ocrx_word' id='word_1_103' title='bbox 302 1923 366 1979; x_wconf 79' lang='lat' dir='ltr'>quae</span> <span class='ocrx_word' id='word_1_104' title='bbox 378 1901 492 1960; x_wconf 83' lang='lat' dir='ltr'>sortitus</span> <span class='ocrx_word' id='word_1_105' title='bbox 505 1921 565 1960; x_wconf 86' lang='lat' dir='ltr'>non.</span> <span class='ocrx_word' id='word_1_106' title='bbox 574 1901 693 1978; x_wconf 85' lang='lat' dir='ltr'>pertulit</span> <span class='ocrx_word' id='word_1_107' title='bbox 705 1901 786 1970; x_wconf 84' lang='lat' dir='ltr'>ullos,</span> 
     </span>
     <span class='ocr_line' id='line_1_18' title="bbox 112 2003 726 2080; baseline -0.003 -18"><span class='ocrx_word' id='word_1_108' title='bbox 112 2005 177 2062; x_wconf 79' lang='lat' dir='ltr'>Nec</span> <span class='ocrx_word' id='word_1_109' title='bbox 189 2005 302 2064; x_wconf 60' lang='lat' dir='ltr'>vilioris</span> <span class='ocrx_word' id='word_1_110' title='bbox 314 2005 376 2062; x_wconf 85' lang='lat' dir='ltr'>heri</span> <span class='ocrx_word' id='word_1_111' title='bbox 387 2004 483 2080; x_wconf 79' lang='lat' dir='ltr'>tetigit</span> <span class='ocrx_word' id='word_1_112' title='bbox 495 2003 606 2079; x_wconf 83' lang='lat' dir='ltr'>captiva</span> <span class='ocrx_word' id='word_1_113' title='bbox 618 2003 726 2061; x_wconf 86' lang='lat' dir='ltr'>cubile!</span> 
     </span>
     <span class='ocr_line' id='line_1_19' title="bbox 112 2105 897 2184; baseline -0.001 -19"><span class='ocrx_word' id='word_1_114' title='bbox 112 2107 184 2176; x_wconf 83' lang='lat' dir='ltr'>Nos,</span> <span class='ocrx_word' id='word_1_115' title='bbox 203 2107 296 2184; x_wconf 76' lang='lat' dir='ltr'>patril</span> <span class='ocrx_word' id='word_1_116' title='bbox 308 2105 430 2175; x_wconf 72' lang='lat' dir='ltr'>incensi,</span> <span class='ocrx_word' id='word_1_117' title='bbox 450 2106 558 2164; x_wconf 81' lang='lat' dir='ltr'>diversa</span> <span class='ocrx_word' id='word_1_118' title='bbox 570 2125 621 2182; x_wconf 86' lang='lat' dir='ltr'>per</span> <span class='ocrx_word' id='word_1_119' title='bbox 633 2125 745 2181; x_wconf 82' lang='lat' dir='ltr'>aequora</span> <span class='ocrx_word' id='word_1_120' title='bbox 757 2107 854 2175; x_wconf 61' lang='lat' dir='ltr'>vellat,</span> <span class='ocrx_word' id='word_1_121' title='bbox 895 2153 897 2158; x_wconf 95' lang='lat'><em>.</em></span> 
     </span>
     <span class='ocr_line' id='line_1_20' title="bbox 112 2207 896 2286; baseline -0.003 -18"><span class='ocrx_word' id='word_1_122' title='bbox 112 2209 213 2286; x_wconf 81' lang='lat' dir='ltr'>Stirpis</span> <span class='ocrx_word' id='word_1_123' title='bbox 226 2209 364 2268; x_wconf 84' lang='lat' dir='ltr'>Achilleae</span> <span class='ocrx_word' id='word_1_124' title='bbox 375 2209 470 2276; x_wconf 78' lang='lat' dir='ltr'>fastus,</span> <span class='ocrx_word' id='word_1_125' title='bbox 486 2207 677 2284; x_wconf 81' lang='lat' dir='ltr'>juvenemque</span> <span class='ocrx_word' id='word_1_126' title='bbox 689 2208 851 2285; x_wconf 80' lang='lat' dir='ltr'>superbum,</span> <span class='ocrx_word' id='word_1_127' title='bbox 892 2207 896 2213; x_wconf 78' lang='grc'><strong>’</strong></span> 
     </span>
     <span class='ocr_line' id='line_1_21' title="bbox 112 2309 829 2384; baseline -0.003 -15"><span class='ocrx_word' id='word_1_128' title='bbox 112 2311 234 2369; x_wconf 80' lang='lat' dir='ltr'>servitio</span> <span class='ocrx_word' id='word_1_129' title='bbox 247 2311 347 2379; x_wconf 76' lang='lat' dir='ltr'>onixae,</span> <span class='ocrx_word' id='word_1_130' title='bbox 367 2309 501 2368; x_wconf 54' lang='lat' dir='ltr'>tulimus&amp;</span> <span class='ocrx_word' id='word_1_131' title='bbox 522 2309 573 2384; x_wconf 90' lang='lat' dir='ltr'>qui</span> <span class='ocrx_word' id='word_1_132' title='bbox 587 2309 699 2377; x_wconf 81' lang='lat' dir='ltr'>deinde,</span> <span class='ocrx_word' id='word_1_133' title='bbox 718 2310 829 2367; x_wconf 78' lang='lat' dir='ltr'>se&#39;cutuo</span> 
     </span>
     <span class='ocr_line' id='line_1_22' title="bbox 114 2410 980 2488; baseline -0.005 -18"><span class='ocrx_word' id='word_1_134' title='bbox 114 2413 247 2470; x_wconf 69' lang='lat' dir='ltr'><strong>Iaedaeam</strong></span> <span class='ocrx_word' id='word_1_135' title='bbox 266 2412 464 2480; x_wconf 84' lang='lat' dir='ltr'>Hermiouem,</span> <span class='ocrx_word' id='word_1_136' title='bbox 485 2410 771 2486; x_wconf 81' lang='lat' dir='ltr'>Lacedaemoniosque</span> <span class='ocrx_word' id='word_1_137' title='bbox 790 2411 901 2488; x_wconf 84' lang='lat' dir='ltr'><strong>Hyme·</strong></span> <span class='ocrx_word' id='word_1_138' title='bbox 977 2459 980 2464; x_wconf 92' lang='lat'><em>.</em></span> 
     </span>
     <span class='ocr_line' id='line_1_23' title="bbox 190 2497 996 2582; baseline -0.002 -10"><span class='ocrx_word' id='word_1_139' title='bbox 190 2533 275 2582; x_wconf 81' lang='lat' dir='ltr'>naeos,</span> <span class='ocrx_word' id='word_1_140' title='bbox 784 2511 787 2516; x_wconf 81' lang='lat'>&#39;</span> <span class='ocrx_word' id='word_1_141' title='bbox 992 2497 996 2504; x_wconf 47' lang='lat'><strong>⁴</strong></span> 
     </span>
     <span class='ocr_line' id='line_1_24' title="bbox 112 2614 901 2690; baseline -0.004 -16"><span class='ocrx_word' id='word_1_142' title='bbox 112 2615 165 2674; x_wconf 83' lang='lat' dir='ltr'>Me</span> <span class='ocrx_word' id='word_1_143' title='bbox 177 2615 287 2674; x_wconf 85' lang='lat' dir='ltr'>famulo</span> <span class='ocrx_word' id='word_1_144' title='bbox 299 2615 494 2690; x_wconf 79' lang='lat' dir='ltr'>famulamque</span> <span class='ocrx_word' id='word_1_145' title='bbox 502 2615 615 2672; x_wconf 83' lang='lat' dir='ltr'>Heleno</span> <span class='ocrx_word' id='word_1_146' title='bbox 628 2615 783 2674; x_wconf 82' lang='lat' dir='ltr'>transmifit</span> <span class='ocrx_word' id='word_1_147' title='bbox 795 2614 901 2672; x_wconf 81' lang='lat' dir='ltr'>haben-</span> 
     </span>
     <span class='ocr_line' id='line_1_25' title="bbox 190 2713 897 2774; baseline -0.003 0"><span class='ocrx_word' id='word_1_148' title='bbox 190 2717 265 2774; x_wconf 79' lang='lat' dir='ltr'><strong>dam.</strong></span> <span class='ocrx_word' id='word_1_149' title='bbox 887 2713 897 2724; x_wconf 72' lang='grc'><strong>”</strong></span> 
     </span>
     <span class='ocr_line' id='line_1_26' title="bbox 113 2816 877 2894; baseline -0.007 -16"><span class='ocrx_word' id='word_1_150' title='bbox 113 2818 271 2888; x_wconf 77' lang='lat' dir='ltr'>Altinum,</span> <span class='ocrx_word' id='word_1_151' title='bbox 289 2827 393 2894; x_wconf 71' lang='lat' dir='ltr'>ereptae</span> <span class='ocrx_word' id='word_1_152' title='bbox 406 2837 512 2894; x_wconf 83' lang='lat' dir='ltr'>magno</span> <span class='ocrx_word' id='word_1_153' title='bbox 524 2817 717 2875; x_wconf 81' lang='lat' dir='ltr'>inflammatus</span> <span class='ocrx_word' id='word_1_154' title='bbox 730 2835 826 2874; x_wconf 78' lang='lat' dir='ltr'>amoro</span> <span class='ocrx_word' id='word_1_155' title='bbox 874 2816 877 2820; x_wconf 84' lang='grc'><strong>’</strong></span> 
     </span>
     <span class='ocr_line' id='line_1_27' title="bbox 114 2915 898 2996; baseline -0.005 -17"><span class='ocrx_word' id='word_1_156' title='bbox 114 2918 261 2996; x_wconf 80' lang='lat' dir='ltr'>conjugis,</span> <span class='ocrx_word' id='word_1_157' title='bbox 281 2931 310 2978; x_wconf 87' lang='lat' dir='ltr'>et</span> <span class='ocrx_word' id='word_1_158' title='bbox 322 2921 459 2978; x_wconf 83' lang='lat' dir='ltr'>scelerum</span> <span class='ocrx_word' id='word_1_159' title='bbox 472 2919 563 2977; x_wconf 85' lang='lat' dir='ltr'>Furiis</span> <span class='ocrx_word' id='word_1_160' title='bbox 575 2919 707 2994; x_wconf 80' lang='lat' dir='ltr'>agitatus,</span> <span class='ocrx_word' id='word_1_161' title='bbox 728 2915 840 2976; x_wconf 72' lang='lat' dir='ltr'>Orelloi</span> <span class='ocrx_word' id='word_1_162' title='bbox 889 2917 898 2972; x_wconf 74' lang='grc'>,’</span> 
     </span>
     <span class='ocr_line' id='line_1_28' title="bbox 114 3021 870 3098; baseline 0 -18"><span class='ocrx_word' id='word_1_163' title='bbox 114 3021 229 3098; x_wconf 85' lang='lat' dir='ltr'>Excipit</span> <span class='ocrx_word' id='word_1_164' title='bbox 242 3022 399 3088; x_wconf 86' lang='lat' dir='ltr'>incautum,</span> <span class='ocrx_word' id='word_1_165' title='bbox 418 3021 577 3098; x_wconf 80' lang='lat' dir='ltr'>patriasque</span> <span class='ocrx_word' id='word_1_166' title='bbox 589 3022 740 3078; x_wconf 80' lang='lat' dir='ltr'>obtruncat</span> <span class='ocrx_word' id='word_1_167' title='bbox 752 3021 787 3076; x_wconf 81' lang='lat' dir='ltr'>ad</span> <span class='ocrx_word' id='word_1_168' title='bbox 801 3037 870 3080; x_wconf 78' lang='lat' dir='ltr'><strong>aras.</strong></span> 
     </span>
     <span class='ocr_line' id='line_1_29' title="bbox 6 3119 895 3254; baseline -0.006 -72"><span class='ocrx_word' id='word_1_169' title='bbox 6 3125 211 3254; x_wconf 42' lang='lat' dir='ltr'>dotto</span> <span class='ocrx_word' id='word_1_170' title='bbox 225 3123 407 3200; x_wconf 82' lang='lat' dir='ltr'>Neoptolemi</span> <span class='ocrx_word' id='word_1_171' title='bbox 420 3139 573 3206; x_wconf 64' lang='lat' dir='ltr'>regnorum</span> <span class='ocrx_word' id='word_1_172' title='bbox 586 3120 694 3197; x_wconf 82' lang='lat' dir='ltr'>reddita</span> <span class='ocrx_word' id='word_1_173' title='bbox 708 3119 786 3180; x_wconf 81' lang='lat' dir='ltr'>cellit</span> <span class='ocrx_word' id='word_1_174' title='bbox 806 3167 810 3173; x_wconf 87' lang='lat'>.</span> <span class='ocrx_word' id='word_1_175' title='bbox 886 3145 895 3171; x_wconf 67' lang='grc' dir='ltr'>ι</span> 
     </span>
    </p>
   </div>
   <div class='ocr_carea' id='block_1_3' title="bbox 0 0 1112 3574">
    <p class='ocr_par' dir='ltr' id='par_1_3' title="bbox 0 0 1112 3574">
     <span class='ocr_line' id='line_1_30' title="bbox 0 0 1112 3574; baseline 0 0"><span class='ocrx_word' id='word_1_176' title='bbox 0 0 1112 3574; x_wconf 95' lang='lat' dir='ltr'> </span> 
     </span>
    </p>
   </div>
  </div>
 </body>
</html>
