2236 3584
175 213 236 276 no
314 173 316 180 ’
491 212 662 274 oraim
880 215 984 282 ary-er

172 371 215 427 At
227 378 327 438 tamen
336 369 435 447 exegit
447 371 534 448 longo
546 371 607 448 post
619 373 866 447 temporepoena'a3
912 372 915 380 '
941 373 944 380 ’
969 373 984 424 ⁴.

173 473 226 543 Ut,
245 493 312 532 cum
324 483 392 532 cura
407 474 450 532 sui
463 475 614 532 veheretur
625 473 754 550 conjugis
767 473 835 540 alto,

172 574 235 652 Ipsa
249 585 358 635 trucem
371 577 463 634 multo
476 576 607 634 misceret
620 575 758 652 sanguine
770 581 902 651 pontum.

206 678 267 740 deu
279 695 356 746 vero,
369 687 403 734 ut
416 678 577 754 perhibent,
590 677 683 736 found
696 677 900 736 cumvinceret
909 685 984 734 om*

279 780 341 848 nis,
980 779 985 784 ’

171 881 209 938 Et
222 880 339 956 cupidos
353 882 459 957 quaestu
471 882 571 958 paffim
583 883 732 960 popularet
745 889 871 940 amantes
877 905 887 953 3

171 981 305 1052 Piscibus,
326 993 355 1040 et
369 984 487 1042 canibus
499 985 613 1055 rabidis,
627 985 732 1045 vallata
745 993 870 1061 repente,

171 1083 331 1148 Horribiles
344 1085 453 1143 circum
466 1085 539 1144 vidit
552 1087 581 1144 se
594 1086 684 1144 fistere
696 1087 811 1144 formas.

170 1187 240 1245 Heu
252 1189 363 1264 quoties
372 1189 477 1247 mirata
491 1208 578 1248 novos
592 1189 732 1266 expalluit
745 1189 835 1246 artus!

171 1290 236 1367 Ipsa
250 1290 312 1348 suos
325 1291 438 1367 quoties
450 1292 508 1349 heu
519 1291 669 1369 pertimuit
681 1291 812 1349 latratus!

171 1393 250 1456 Ausa
264 1394 341 1468 quod
354 1393 392 1450 est
406 1393 510 1451 mulier
522 1413 629 1452 numen
643 1394 774 1452 fraudare
787 1395 916 1463 deorum,
981 1405 983 1409 ’

170 1495 210 1552 Et
221 1495 328 1554 dietam
339 1495 447 1552 Veneri
460 1505 591 1553 votorum
604 1506 730 1554 avertere
742 1497 881 1572 praedam:

173 1598 280 1665 Quam,
300 1598 376 1654 mala
393 1597 549 1674 multiplici
565 1597 709 1674 juvenum
726 1599 802 1674 quod
823 1597 909 1674 saepta
925 1616 972 1656 cae

204 1750 220 1768 ,,
251 1699 332 1758 tervd
388 1707 391 1714 '

171 1800 302 1870 Dixerat,
323 1810 409 1878 atque
422 1803 519 1860 animo
532 1804 671 1861 meretrix
680 1803 786 1880 jactata
799 1805 932 1873 serarum,

170 1905 316 1961 Infamem
328 1904 380 1962 tali
393 1905 496 1962 merito
508 1925 621 1963 rumore
633 1906 725 1976 fuitse,
811 1973 813 1978 Ι

171 2005 264 2076 Docta
276 2005 449 2083 Palaephatid
464 2007 580 2065 testatur
592 2027 662 2066 voce
674 2027 804 2084 papyrus.

172 2107 334 2183 Quidquid,
355 2116 385 2164 et
398 2117 431 2164 ut
445 2107 572 2184 quisquis
586 2109 637 2166 tali
651 2110 686 2166 de
699 2111 779 2167 clade
792 2110 912 2177 locutus,

172 2209 280 2266 Omnia
294 2210 361 2265 sint:
384 2211 479 2286 potius
492 2211 578 2269 liceat
592 2210 735 2270 notescere
746 2211 843 2282 Cin‘n3

169 2310 269 2385 Atque
281 2329 369 2370 unam
383 2330 419 2368 ex
432 2313 531 2370 multis
545 2313 668 2389 Scyllam
681 2331 739 2371 non
752 2313 807 2372 effe
819 2314 932 2392 puellis.
984 2321 990 2354 '·

172 2412 280 2478 Quare,
301 2431 374 2486 quae,
391 2422 494 2470 cantus
507 2415 659 2473 meditanti
671 2416 787 2474 mittere
800 2425 902 2488 certos,

171 2513 283 2588 Magna
296 2514 370 2570 mihi
383 2515 488 2592 cupido
502 2516 637 2574 tribuistis
649 2518 777 2594 praemia,
786 2500 789 2508 ¹
797 2519 870 2576 divae

171 2615 296 2675 Pierides
302 2641 311 2688 5
326 2618 553 2692 'quarumcastos
566 2619 666 2676 altaria
679 2617 768 2695 postes
1004 2690 1006 2696 .

170 2717 295 2778 Munere
308 2719 380 2796 saepe
393 2738 458 2777 meo
472 2720 616 2791 inficiunt,
637 2722 803 2798 foribusque
821 2721 974 2800 hyacinthi

170 2819 330 2896 Deponunt
342 2821 434 2888 flores,
454 2831 504 2879 aut
517 2822 601 2882 suave
613 2826 716 2881 rubens
728 2824 872 2895 narcilsun
986 2830 991 2850 '¹

170 2925 234 2982 Aut
247 2943 354 2992 crocus,
374 2925 482 2982 alterna
495 2925 672 3003 conjungens
685 2927 746 2985 lilia
759 2928 864 2997 caltha,
891 2979 893 2982 .

168 3026 323 3102 Sparsaque
336 3027 485 3084 liminibus
497 3028 582 3085 floret
594 3028 655 3085 rosa
662 3053 671 3100 3
693 3047 771 3086 nunc
785 3049 847 3107 age,
870 3031 952 3101 (ΗΜ,
987 3033 992 3040 =·
1112 3035 1113 3040 ,

169 3127 316 3205 Praecipue
329 3127 422 3188 nostro
435 3145 513 3208 nunc
526 3129 666 3209 adspirate
678 3131 787 3192 labori:
886 3196 887 3200 ,
984 3143 993 3184 ‚³
