2236 3584
171 225 227 289 170
400 219 732 280 CATALECTA.
802 308 805 314 Ι

524 479 609 537 VIII.

286 677 327 716 DE
340 675 465 724 eramo,
480 675 619 714 monle
635 673 851 716 currulium

170 859 304 918 Semnus
318 857 376 926 iIIe,
396 876 483 933 quem
495 857 607 929 videtis,
627 857 761 935 hospites,

169 962 224 1020 Ait
236 960 318 1019 fuiffe
331 960 421 1018 mulio
433 960 611 1032 celerrImus3

169 1065 274 1140 Neque
286 1063 372 1122 ullius
384 1063 506 1123 volantis
518 1063 660 1139 impetum
672 1063 723 1122 cisi

169 1165 307 1242 Neqniffe
319 1166 463 1243 praeterire
470 1191 479 1238 5
501 1166 558 1224 five
570 1167 725 1226 Mantuam

169 1270 251 1347 Opus
263 1270 453 1340 formulare,
474 1269 530 1326 five
542 1268 678 1328 Brixiam.

170 1369 208 1430 Et
220 1373 275 1430 hoc
288 1381 376 1448 negat
386 1371 550 1449 Tryphonis
562 1371 660 1430 aemuli
672 1372 790 1430 domum

169 1474 285 1552 Negare
297 1475 433 1543 nobilem,
453 1474 610 1534 insulamve
623 1475 745 1533 Caeruli:

168 1579 231 1636 Ubi
243 1579 302 1647 iste,
321 1578 381 1656 post
395 1578 523 1646 Sabinus,-
541 1587 609 1636 ante
623 1577 771 1646 Quirinio,

169 1682 290 1740 Bidente
301 1680 372 1740 dicit
385 1680 531 1738 adtotonse
543 1681 652 1758 forcipe

170 1787 292 1844 Comata
303 1785 385 1854 colla,
405 1803 443 1842 ne
455 1803 510 1861 qun
522 1784 676 1854 sordidum,
692 1783 766 1862 jugo

168 1890 328 1958 Premente,
348 1889 418 1946 dura
431 1888 531 1946 volnus
543 1889 639 1945 ederet
647 1886 727 1964 juba.

170 1993 312 2050 Cremona
324 1991 447 2067 frigida,.
459 1999 489 2048 et
501 1990 591 2048 lutosa
604 1991 707 2061 Gallia,

93 2083 98 2096 ¹
168 2095 240 2154 'ribi
252 2095 313 2152 haec
326 2093 418 2166 fuiffe,
439 2104 469 2151 et
482 2093 545 2162 effe,
565 2092 753 2170 cognitiffima

169 2197 224 2256 Ait
236 2196 371 2255 Sabinus:
392 2197 495 2254 ultImI
507 2215 544 2254 ex
556 2195 668 2272 origine

169 2299 234 2357 'run
247 2298 347 2356 stetisse
360 2300 432 2358 dicit
444 2300 476 2356 in
488 2299 632 2375 voragine,

138 2411 141 2416 '
169 2403 234 2460 Tui
246 2402 278 2460 in
290 2402 395 2479 palude
407 2402 540 2478 depofiffe
552 2402 686 2473 sarcinam

170 2507 209 2564 Et
220 2505 287 2568 inde
300 2514 344 2562 tot
356 2524 406 2582 per
418 2505 540 2563 orbitosa
553 2504 644 2562 millia
702 2562 704 2566 .

169 2609 279 2687 Jugnm
291 2608 400 2668 tuliffer
421 2609 502 2679 Iaeva,
522 2608 578 2667 five
590 2608 716 2681 dextera,

171 2712 295 2788 Strigare
307 2690 395 2782 mula,
415 2712 472 2769 five
482 2720 644 2788 utrumque,
664 2723 798 2790 creperet.

159 2816 274 2890 ‚Neque
287 2815 345 2873 ulla
357 2823 423 2874 vota
430 2814 610 2872 semitrilibus
623 2815 683 2873 deis

170 2918 232 2975 Sibi
244 2918 298 2976 effe
310 2918 393 2990 saar,
413 2928 515 2995 praeter
527 2919 587 2976 hoc'
595 2917 783 2990 noviffimum‚

170 3021 289 3078 Paterna
302 3021 371 3092 lora,
390 3021 610 3099 proximumque
619 3021 770 3098 pebiinem.
789 3033 791 3042 ’

171 3121 225 3180 Sed
239 3123 299 3181 haec
311 3123 388 3200 prius
400 3124 479 3184 fuere
484 3149 493 3197 3
515 3143 591 3182 nunc
607 3124 736 3218 eburnei(
