2208 3574
130 205 161 246 v.
175 194 241 247 tre.
429 191 481 248 LI
497 192 528 249 B.
568 191 624 250 111.
877 193 934 250 2⁵³

133 343 253 420 Effigies
266 342 348 412 sacrae
362 343 469 418 divom,
489 346 666 426 Phrygiique
679 346 807 412 Penates,

135 447 217 504 Quos
230 465 346 504 mecum
359 447 481 526 aTroji,
494 447 653 525 mediisque
666 467 703 506 ex
716 446 834 524 ignibus
847 443 934 512 urbis,

134 549 313 618 Extuleram,
333 549 384 607 vin
397 561 464 610 ante
477 552 574 610 oculos
588 551 694 610 adstare
703 547 826 626 jacentis
862 573 866 581 ·

135 649 287 720 Insomuis,
307 652 400 710 multo
413 653 559 714 manifesti
571 652 691 722 lumine,
711 650 769 727 qua
782 651 812 708 se
931 703 933 708 ,

136 753 223 811 Plena
235 772 285 830 per
297 753 415 812 insertas
427 755 568 822 fundebat
580 756 648 813 luna
661 753 805 812 fenestras.

136 856 217 915 Tum
230 855 267 912 fic
280 855 380 924 adfari,
401 866 430 914 et
443 875 525 915 ouras
539 857 582 916 his
594 859 708 915 demere
721 855 819 914 dietis:
913 911 915 918 ,
931 909 933 913 .

140 957 228 1015 Quod
243 957 307 1026 tibi,
328 958 423 1015 delato
433 958 597 1036 Ortygiam,
611 959 738 1016 dinums
751 957 858 1034 Apollo
871 956 923 1026 est,-

139 1059 198 1116 Hic
211 1058 303 1116 canit:
326 1068 356 1116 et
370 1070 418 1118 tua
432 1079 482 1118 nos
495 1061 547 1118 eni
569 1061 645 1118 ultro
658 1061 694 1118 ad
708 1061 809 1118 limina
822 1057 925 1116 mittit.

140 1161 202 1218 Nos
215 1169 253 1230 te,
274 1161 419 1218 Dardania
431 1161 557 1230 incenia,
578 1173 683 1239 tuaque
696 1181 775 1220 arma
788 1161 878 1222 secuti
884 1187 894 1232 3

140 1263 212 1331 Nos,
232 1249 378 1322 tumidum
391 1263 443 1322 sub
457 1275 486 1322 te
498 1265 639 1342 permenii
652 1263 781 1323 claffibus
794 1281 901 1340 aequor,

141 1365 222 1424 Idem
235 1374 370 1424 venturos
384 1365 515 1424 tollemus
529 1367 560 1424 in
574 1367 651 1426 astra*
658 1375 785 1442 nepotes,

142 1468 356 1546 Imperiumque
369 1468 435 1526 urbi
448 1469 589 1552 dabimus.
628 1469 677 1526 Tu
690 1467 797 1526 moenia
810 1467 923 1546 magnis

142 1571 251 1646 Magna
264 1589 340 1647 para,
355 1571 531 1648 longumque
551 1571 629 1646 fugae
642 1590 678 1628 ne
691 1571 791 1646 linque
803 1570 939 1628 laborem.

142 1673 292 1732 Mutandae
305 1671 397 1730 sedes(
433 1673 503 1732 Non
516 1672 582 1731 haeo
591 1672 644 1730 tibi
657 1673 742 1730 litora
755 1672 840 1730 suasit

143 1775 254 1842 Delius,
274 1783 325 1832 aut
340 1776 434 1832 Cretae
443 1773 522 1852 juffit
535 1775 688 1846 confidere,
709 1775 827 1851 Apollo.

144 1878 192 1934 Est
204 1878 291 1945 locus,
311 1876 481 1956 Hesperiam
494 1876 575 1934 Graii
588 1876 760 1954 cognomine
773 1875 893 1948 dicuut3
1010 1925 1012 1932 .

143 1979 232 2038 Terra
244 1977 372 2054 antiqua,
385 1987 486 2056 potens
500 1977 597 2048 armis,
615 1988 702 2054 atque
715 1980 803 2036 ubere
815 1979 923 2056 glebae,

146 2081 266 2142 OEnotri
278 2081 390 2138 coluere
403 2079 471 2140 viri:
494 2099 572 2138 nunc
584 2079 671 2148 fama,
691 2078 817 2138 minoren
925 2121 927 2130 1

146 2185 260 2242 ltaliam
273 2181 384 2264 dixiise,
404 2181 483 2240 ducis
496 2182 532 2240 de
545 2181 671 2250 nomine,
691 2190 826 2257 gentem:

146 2288 201 2344 Hae
215 2285 296 2343 nobis
310 2283 433 2362 propriae
446 2283 537 2354 sedes,
559 2283 628 2340 hinc
641 2284 793 2353 Dardanus
806 2291 896 2352 ortus,

147 2388 289 2463 Iafiusque
301 2395 391 2463 pater,
413 2403 504 2461 genus
517 2404 533 2442 a
547 2404 605 2460 quo
617 2383 747 2461 principe
760 2385 895 2442 nostrum,
937 2439 940 2446 .

147 2491 236 2566 Surge
249 2508 312 2566 age,
333 2487 438 2566 ethaeo
451 2487 533 2544 laetus
546 2487 679 2563 longaevo
692 2486 765 2546 dieta
782 2487 895 2564 parenti

147 2592 234 2650 Haud
254 2589 413 2649 dubitanda
433 2589 520 2652 refer:
545 2587 718 2665 Corythum,
739 2598 882 2663 terrasque
900 2607 944 2648 re·

225 2693 320 2769 quirat

149 2795 298 2854 Ausonias.
338 2795 449 2854 Dinaea
464 2804 552 2872 negat
564 2793 764 2880 tibigJuppiter
777 2814 851 2858 arva.

120 2949 123 2954 .
149 2887 267 2957 Talibus
280 2898 427 2956 adtonitus
438 2896 512 2968 vifis,
533 2916 566 2956 ac
578 2915 648 2954 voce
662 2897 790 2968 deorum,
807 2951 808 2956 ,

151 3002 230 3078 (Neo
247 2998 330 3078 sopor
349 3000 423 3058 illud
441 3008 520 3070 orat;
541 2998 590 3057 sed
608 3017 704 3058 coram
721 2999 872 3076 agnesoere
885 3001 947 3060 urb
