2208 3574
146 243 172 282 v.
184 229 249 296 737.
459 225 558 286 LIB.
597 226 623 284 1.
881 229 938 284 213

144 378 296 456 Primaque
308 379 431 438 libatum
444 381 555 440 summo
568 390 650 439 tenus
663 376 768 456 adtigit
780 395 838 436 ore.

141 482 221 539 Tum
234 481 318 540 eitiae
330 483 409 541 dedit
421 483 607 561 increpitans:
629 482 680 540 ille
692 480 805 558 inpiger
817 477 911 538 bausit
1038 489 1039 493 ’

144 584 331 660 Spumantem
341 595 478 663 pateram,
498 593 528 643 et
540 587 624 662 pleno
635 585 664 642 se
676 582 784 661 proluit
797 601 878 640 aurot

143 685 207 743 1³0st
219 685 269 743 alii
282 705 419 763 proceres.
458 686 577 745 Cithara
590 685 710 745 crinitus
722 685 805 761 lopas

144 785 276 844 Personat
290 788 396 859 aurati,
417 788 517 846 docuit
528 790 616 864 qnem
628 804 779 846 maxumus
791 783 883 844 Atlaa.

144 885 203 945 Hic
215 887 294 946 canit
306 899 448 967 errantem
460 890 569 959 lunam,
589 888 710 964 solisque
722 886 830 946 labores
836 909 845 957 ς

144 987 231 1048 Unde
251 989 402 1052 hominum
423 1009 523 1068 genus,
542 999 572 1048 et
589 990 725 1070 pecudem
747 988 824 1046 unde
836 985 938 1057 imber,

222 1097 252 1146 et
264 1089 359 1166 ignes3
652 1088 655 1094 ’

145 1192 310 1262 aretinum,
330 1195 496 1274 pluviasque
514 1194 640 1270 Hyadas,
661 1192 846 1268 geminosque
855 1190 940 1250 Trio·

221 1311 288 1350 nes:

145 1393 227 1452 Quid
240 1403 352 1453 tantum
366 1395 483 1454 Oceano
497 1403 649 1474 properent
661 1394 690 1452 se
704 1396 836 1472 tinguere
848 1395 919 1454 soles

144 1495 279 1566 Hibemi,
293 1496 339 1554 vel
352 1517 415 1572 quae
428 1497 514 1559 tardis
527 1516 605 1556 mora
619 1496 749 1554 nofflbus
761 1497 860 1557 obstet.

145 1597 331 1675 Ingeminant
341 1598 442 1675 plausu
454 1598 545 1675 Tyrii,
564 1598 709 1674 Tro'dtque
722 1598 887 1675 sequuntur.

183 1700 248 1757 Nec
261 1719 319 1758 non
331 1709 362 1758 et
374 1699 452 1758 vario
465 1700 577 1761 nonem
591 1698 719 1758 sermone
732 1699 863 1765 trahebat

144 1801 253 1864 Infelix
265 1801 351 1872 Dido,
371 1801 547 1877 longumque
560 1801 678 1861 bibebat
690 1820 832 1872 amorem5

145 1903 241 1960 Multa
251 1902 333 1979 super
342 1902 453 1966 Priamo
464 1902 597 1980 rogitans,
609 1902 693 1980 super
701 1905 825 1962 Hesiore
835 1906 938 1963 multa:

146 2003 244 2072 Nunc,
266 2004 369 2080 quibus
383 2005 502 2062 Aurorae
514 2003 631 2068 venisset
643 2005 719 2067 filius
732 2005 817 2068 armis
824 2030 832 2077 ς

144 2106 242 2174 Nunc,
253 2106 348 2181 quales
357 2105 505 2164 Diomedia
514 2106 595 2182 equi5
610 2125 696 2176 nunc,
706 2117 829 2182 quantur
837 2107 939 2166 Achil·

222 2208 271 2265 les.

145 2311 240 2367 Immo
253 2327 316 2385 age,
336 2315 365 2366 et
378 2327 394 2366 a
406 2307 498 2385 primi
513 2308 570 2378 dic,
583 2307 692 2385 hospes,
704 2309 814 2386 origine
829 2311 910 2372 nobis

145 2411 273 2480 Insidias,
293 2409 397 2486 inquit,
418 2409 561 2478 Danaiim,
581 2409 715 2486 casusque
727 2421 853 2482 tuorum,

146 2513 316 2588 Erroresque
329 2521 406 2569 tnoa:
430 2530 498 2569 nam
511 2519 540 2569 te
550 2509 611 2588 jam
624 2511 742 2590 septima
755 2524 849 2590 portat

146 2615 289 2674 Omnibus
301 2623 442 2676 errantem
455 2612 545 2685 terris,
564 2622 594 2671 et
606 2613 747 2687 fluetibus,
767 2617 853 2676 aestas.
