2194 3584
91 233 187 285 ac
381 217 744 312 nuco'n1cn„
857 233 945 300 ωε.

151 391 272 467 Pignora
285 409 348 450 cara
362 391 405 450 sui
413 382 423 448 ι’
442 411 506 468 quae
519 413 595 452 nunc
609 413 663 470 ego
675 393 776 452 limine
788 393 818 450 in
829 369 914 470 ipso.
949 419 951 426 ·

150 487 248 561 Terra,
269 493 324 551 tibi
336 495 455 552 mando:
477 496 582 552 debent
595 496 656 552 haec
668 495 788 573 pignora
799 493 945 571 Daphnin.

151 594 257 652 Ducite
283 597 319 652 ab
344 597 415 664 urbe
440 598 567 666 domum,
599 616 663 654 mea
688 597 822 667 earmina,
849 595 946 653 ducite

228 690 391 773 Daphnin.
523 686 525 691 ¹

153 801 214 858 Has
227 800 336 868 herbas,
345 795 347 798 ’
356 809 442 875 atque
455 800 516 857 haec
529 802 619 880 Ponto
631 801 705 858 mihi
718 801 789 859 leda
802 819 921 870 venena,

154 901 217 979 Ipse
230 901 309 958 dedit
321 890 435 958 Moeris:
458 902 611 959 nascuntur
624 903 746 978 plurima
760 905 860 960 Ponto.

154 1004 210 1061 His
223 1021 276 1078 ego
290 1002 361 1079 saepe
373 1003 474 1078 lupum
487 1004 558 1072 fieri,
578 1003 646 1060 etse
660 1005 780 1060 condere
794 1003 869 1061 silvis

156 1104 272 1172 Merra,
292 1105 363 1180 saepe
376 1103 484 1161 animas
496 1104 563 1162 imis
575 1104 670 1163 excire
683 1105 826 1182 sepulcris,

157 1208 254 1282 Atque
267 1204 338 1262 satas
351 1205 408 1262 alio
421 1205 481 1263 vidi
494 1207 639 1264 traducere
652 1207 753 1264 meffis.

158 1308 265 1366 Ducite
291 1310 327 1365 ab
351 1308 422 1364 urbe
448 1308 575 1375 domum,
603 1326 666 1364 mea
690 1308 825 1379 earmina,
853 1307 949 1366 ducite
1006 1370 1009 1379 ¹

234 1409 380 1486 Daphnin.

158 1510 340 1582 Fercineres,
361 1511 514 1587 Amarylli,
535 1511 618 1581 foras;
639 1511 757 1587 rivoque
770 1512 873 1569 fluenti

150 1615 307 1689 ·Transque
333 1623 418 1691 caput
439 1612 502 1689 jace
508 1637 518 1685 3
547 1631 601 1670 nec
627 1612 798 1689 respexeris:
832 1613 877 1672 his
896 1633 951 1690 ego

237 1715 375 1792 Daphnin
415 1757 417 1762 ,
498 1737 500 1742 ·

160 1817 336 1894 Adgrediar:
359 1815 430 1874 nihil
445 1815 494 1873 ille
505 1816 580 1884 deos,
601 1815 642 1878 nil
655 1815 789 1884 carmina,
803 1826 891 1874 curat.

160 1919 266 1978 Ducite
289 1919 325 1975 ab
350 1921 421 1975 urbe
446 1918 572 1988 domum,
605 1936 669 1974 mea
695 1918 830 1989 carmina,
856 1919 953 1978 ducite
1043 1915 1092 2001 Ὗ

237 2019 383 2097 Daphnin.

128 2171 129 2174 η
186 2124 338 2201 Adspice:
359 2121 501 2200 conripuit
514 2122 640 2179 tremulir
654 2121 752 2179 altaria
765 2122 888 2179 flammis
957 2137 960 2142 ·
1069 2111 1081 2138 '¹'

163 2230 268 2304 Sponte
276 2224 333 2292 sud,
344 2226 413 2282 dum
421 2224 494 2281 serre
503 2243 604 2293 moror,
614 2223 684 2280 cinis
694 2223 762 2299 ipse.
783 2203 896 2281 Bonum
904 2225 952 2282 siti

163 2329 268 2390 Nescio
282 2328 352 2403 quid
364 2335 440 2384 certe
454 2327 509 2396 est3
536 2335 566 2382 ct
578 2326 676 2400 Hylax
688 2325 719 2383 in
733 2325 834 2382 limine
847 2326 941 2386 latrat.

164 2430 328 2489 Credimus?
349 2429 395 2499 an,
404 2427 455 2503 qui
466 2436 572 2496 amant,
580 2423 632 2503 ipsi
642 2425 692 2483 fibi
704 2425 811 2483 somnia
820 2427 954 2503 fingunt?

164 2532 282 2601 Parcite,
303 2530 345 2588 'ab
375 2532 445 2588 urbe
477 2529 565 2597 venit,
587 2526 648 2603 jam
672 2528 787 2604 parcite,
819 2530 955 2601 carmina,

242 2631 380 2712 Daphnis.
