2208 3574
168 177 285 244 aaa·
434 188 712 255 AENEIDos‚
853 195 972 246 vta-ass

42 365 45 372 ·
167 341 340 400 Dardanidae
353 352 450 401 contra
464 345 557 413 turris,
577 364 610 402 ac
622 345 695 402 tedia
708 343 859 400 domorum

168 443 312 514 Culmina,
334 446 511 504 convellunt:
533 445 633 520 bisse,
654 445 769 521 quando
780 443 888 500 ultima
903 461 964 500 ccr-

245 555 329 616 nunt,

110 681 113 686 -
167 647 305 704 Extrema
313 645 374 723 jam
388 649 419 704 in
432 657 523 706 morte
535 659 638 726 parant
650 649 802 706 defendere
815 647 892 704 telis:

167 750 350 824 Auratasque
363 751 465 819 trabes,
478 758 606 808 veterum
619 751 720 808 decora
733 749 789 806 'alta
802 739 963 824 parentum,

167 852 348 910 Devolvunt:
370 853 420 910 alii
433 854 532 910 stridis
546 852 728 910 mucronibus
740 852 812 910 imas
879 925 880 928 Ἰ

167 952 311 1016 Obsedere
325 953 412 1025 fores3
435 955 485 1012 has
497 954 608 1012 servant
621 953 736 1030 agmine
749 953 845 1010 denso.

168 1055 320 1112 Instaurati
333 1055 433 1121 animi,
452 1057 527 1132 regis
540 1056 700 1113 succurrere
714 1054 803 1122 tedis,

167 1156 347 1232 Auxilioque
359 1157 452 1214 levare
465 1159 548 1227 viros,
568 1159 683 1232 vimque
697 1157 799 1214 addere
814 1155 903 1213 vidis.

205 1259 309 1316 Limen
322 1268 392 1327 erat,
411 1278 551 1334 caecaeque
565 1260 648 1328 sores,
669 1267 699 1316 et
711 1258 824 1334 pervius
837 1257 903 1314 usus
960 1289 962 1294 .

167 1361 320 1439 Testorum
332 1362 408 1420 inter
420 1361 448 1418 se
462 1361 575 1431 Priami,
595 1360 741 1436 postesque
754 1359 847 1416 relidi

167 1465 202 1519 A·
211 1472 307 1540 tergo:
329 1463 431 1520 infelix
444 1464 500 1538 qud
518 1462 556 1530 se,
576 1463 646 1519 dum
659 1481 746 1538 regna
760 1464 923 1530 manebant,

168 1565 274 1647 Saepius
287 1565 488 1624 Andromache
501 1563 575 1622 serre
586 1563 754 1620 incomitata
766 1563 874 1620 solebat

167 1665 215 1722 Ad
229 1665 346 1734 soceros,
367 1675 396 1723 et
409 1685 461 1724 avo
474 1685 594 1742 puerum
605 1665 776 1742 Astyanacta
790 1665 928 1722 trahebat.

168 1767 265 1824 Evado
279 1768 314 1825 ad
327 1767 431 1826 summi
445 1768 557 1844 fastigia
569 1767 702 1824 culminis
710 1791 719 1837 3
740 1768 818 1824 unde

166 1869 238 1926 Tela
252 1889 339 1927 manu
352 1870 447 1928 miseri
456 1869 601 1946 jaciebant
613 1869 700 1926 inrita
713 1869 828 1926 Teucri.

166 1971 284 2028 Turrim
297 1972 329 2028 in
342 1972 482 2048 praecipiti
495 1972 623 2039 stantem,
644 1971 817 2045 summisque
830 1967 882 2027 sub
892 1969 963 2027 astra

168 2073 308 2131 Edudtam
321 2074 411 2142 testie,
430 2074 507 2131 unde
520 2073 613 2130 omnis
624 2071 709 2149 Troja
722 2071 811 2130 videri

166 2176 204 2232 Et
216 2176 351 2233 Danaum
362 2175 450 2234 solitae
461 2195 546 2234 naves
558 2184 588 2232 et
601 2175 713 2234 Achaia
726 2174 823 2241 castra,

169 2279 298 2354 Adgreffi
312 2279 387 2334 ferro
401 2278 525 2347 circum,
539 2277 595 2353 qud
608 2275 718 2334 summa
731 2275 854 2333 labantis

169 2381 320 2456 Junduras
332 2381 459 2438 tabulata
473 2361 588 2446 dabant,
608 2377 794 2436 convellimus
807 2377 871 2434 altis

169 2482 297 2551 Sedibus,
310 2481 536 2558 inpulimusque:
559 2499 601 2551 ea,
614 2479 691 2541 labsa
704 2488 829 2556 repente,
843 2479 956 2536 ruinam

168 2585 246 2642 Cum
258 2583 354 2641 sonitu
368 2583 470 2654 trahit3
493 2593 523 2640 et
536 2583 670 2640 Danaum
683 2580 766 2658 super
777 2581 893 2656 agmina
904 2580 962 2638 late

170 2682 294 2742 Incidit:
316 2681 355 2744 ast
368 2685 418 2742 alii
431 2684 566 2742 subeunt:
589 2702 642 2740 nec
655 2682 730 2752 saxa,
750 2702 802 2740 nec
814 2682 908 2740 ullum

170 2787 307 2845 'l'elorum
320 2787 428 2844 interea
441 2787 526 2844 cessat
538 2803 636 2861 genus.

207 2888 391 2946 Vestibulum
411 2899 478 2945 ante
500 2885 604 2964 ipsum,
630 2886 779 2962 primoque
799 2885 831 2963 in
853 2885 964 2954 limine,

286 2989 408 3066 Pyrrhus

171 3091 311 3165 Exsultat,
332 3091 396 3156 telis
409 3092 436 3148 el
448 3090 511 3148 luce
524 3077 756 3150 coruscus‘adnir'
867 3135 871 3142 .

1090 2277 1096 2562 l
