2194 3584
337 212 564 272 ECLOGA
602 213 655 272 VI.
841 215 898 274 '21

347 597 662 656 ECLOGA-Vl.

408 798 609 850 sILENUS.

97 967 210 1025 ‘Prunr
225 971 367 1046 Syracosro
380 973 497 1050 dignata
510 975 550 1031 est
562 973 659 1030 ludere
671 969 753 1028 versu

107 1069 219 1139 Nostra,
240 1091 293 1128 nec
306 1075 421 1132 erubuit
433 1075 513 1132 silvas
526 1075 663 1139 habitare,
683 1071 796 1130 Thalia.

108 1172 211 1230 Quum
224 1191 356 1232 canerem
369 1195 450 1252 reges
462 1185 491 1233 et
504 1176 614 1252 proelia,
634 1174 778 1251 Cynthius
791 1189 889 1229 aurem
988 1210 990 1216 ·

106 1273 208 1342 vellit,
228 1284 258 1332 et
270 1278 433 1334 admonuit:
456 1265 604 1346 Pastorem,
623 1277 734 1351 Tityre,
753 1273 869 1350 pinguis

107 1374 223 1432 Pascere
235 1386 347 1454 oportet
360 1379 429 1447 ovis,
450 1380 604 1436 deduuum
617 1378 711 1435 dicere
723 1393 847 1434 carmen.

107 1477 197 1534 Nunc
215 1497 283 1554 ego;
312 1498 436 1554 namque
453 1479 536 1557 super
554 1479 608 1538 tibi
625 1487 718 1548 erunt,
737 1477 788 1554 qui
807 1477 900 1534 dicere

186 1580 292 1648 laudes,
742 1581 744 1588 ’

107 1679 192 1750 Vare,
213 1688 274 1738 tuas
287 1682 414 1759 cupiant,
434 1692 464 1740 et
477 1683 564 1740 tristia
578 1683 699 1742 condere
711 1681 786 1738 bella
792 1705 801 1751 3

107 1783 258 1858 Agrestem
271 1784 351 1840 tenui
364 1785 523 1842 meditabor
536 1784 674 1841 arundine
687 1783 811 1839 Musam.

107 1885 177 1941 Non
190 1883 290 1960 injuffa
303 1904 383 1942 cano.
425 1885 453 1942 si
466 1886 529 1962 quis
549 1895 645 1942 tamen
664 1885 725 1942 haec
737 1902 858 1959 quoque,
879 1884 900 1940 fi

186 1987 261 2062 quis,

26 2075 27 2082 ἵ
108 2089 216 2163 Captus
230 2107 335 2156 amore,
355 2090 432 2165 leget
437 2115 446 2160 3
468 2099 497 2146 te
510 2089 617 2157 nostrae,
637 2089 722 2158 Vare,
742 2087 867 2162 myricae,

106 2191 150 2244 Te
164 2207 264 2246 nemus
271 2209 356 2246 omne
363 2201 461 2260 canet5
483 2209 536 2246 nec
549 2190 655 2248 Phoebo
666 2188 772 2265 gratior
782 2188 841 2245 ulla
851 2188 899 2258 est,

108 2289 207 2347 Quam
220 2291 272 2348 srbi
285 2311 349 2367 quae
361 2293 431 2349 Vari
442 2291 608 2368 praescripfit
620 2291 725 2367 pagina
738 2307 853 2348 nomen.

145 2393 269 2467 Pergite‚
284 2393 415 2450 Pierides.
444 2393 576 2450 Chromis
584 2402 613 2450 et
621 2373 767 2468 Mnasylus
776 2393 807 2449 in
817 2399 900 2450 antro

107 2495 236 2563 Silenum
248 2495 331 2570 pueri
344 2495 442 2552 somno
454 2495 550 2551 videre
558 2493 711 2570 jacentem,
772 2545 774 2550 ,

106 2595 244 2652 Inflatum
256 2596 384 2653 hesterno
397 2614 491 2664 venas,
510 2607 545 2652 ut
557 2596 675 2671 semper,
688 2595 807 2652 lacc'hos

106 2698 185 2754 Serta
196 2698 306 2773 procul,
329 2707 441 2755 tantum
453 2697 541 2774 capiti
554 2697 675 2772 delapsa,
691 2696 825 2773 jacebant
830 2721 839 2766 ;

106 2799 142 2855 Et
156 2798 248 2874 gravis
261 2799 366 2857 adtrita
378 2800 520 2876 pendebat
530 2799 680 2857 cantharus
692 2798 769 2856 ansi.

105 2899 236 2976 Adgreffi
259 2905 340 2976 (nam
352 2901 424 2978 saepe
437 2901 523 2958 senex
536 2899 584 2976 spe
597 2899 730 2958 carminis
743 2900 827 2956 ambo

108 3001 238 3076 Luserat)
260 3001 394 3078 injiciunt
406 3002 471 3078 ipfis
484 3021 520 3059 ex
533 3001 647 3059 vincula
661 3000 749 3062 sertis.

106 3103 197 3163 Addit
210 3103 368 3177 sesumam,
389 3104 554 3180 timidisque
566 3102 738 3179 supervenit,
758 3101 863 3178 AEg105
