2236 3584
153 207 259 260 2413.
446 199 545 258 ΜΒ.
568 182 614 254 '11
886 201 942 254 201

156 357 280 414 Cernere
292 371 329 412 ne
341 352 405 430 quis
417 373 474 423 eos,
494 373 551 412 neu
564 352 627 430 quia
640 351 805 428 contingere
817 349 916 428 posset,

156 455 292 516 Molirive
305 475 422 525 moram,
442 465 492 514 aut
504 455 637 515 veniendi
650 454 764 531 poscere
776 452 890 510 caussas.

155 558 220 636 Ipsa
232 557 361 635 Paphum
374 557 583 628 sublimabit,
603 555 735 632 sedesque
748 555 843 614 revifit

156 662 236 720 Laeta
250 661 325 718 suas:
347 660 398 718 ubi
412 660 550 736 templum
563 659 617 727 illi,
636 666 809 733 centumque
821 657 919 716 subeo

156 763 235 822 Ture
248 763 342 820 calent
353 781 418 832 arae,
438 761 573 837 sertisque
585 760 746 820 recentibus
758 759 867 818 halant.

197 863 372 940 Corripuere
384 863 461 923 viam
476 863 596 932 interea,
616 863 672 939 qui
684 863 784 920 semita
796 863 947 936 monstram

158 969 280 1046 Jamque
292 965 500 1025 adscendebant
511 966 623 1034 collem,
643 965 693 1040 qui
706 965 846 1042 plurimus
858 966 924 1024 urbi

158 1067 295 1138 Inminet,
315 1066 500 1143 adversaeque
512 1067 653 1144 adspectat
665 1068 783 1146 desuper
795 1087 880 1127 arces.

158 1170 403 1229 Miraturmolem
414 1169 532 1239 illucue,
551 1169 674 1247 magalia
685 1171 844 1246 quondam;

158 1272 284 1332 Miratur
300 1281 403 1349 portas,
422 1271 635 1349 strepitumque,
654 1281 683 1330 et
696 1272 778 1332 strata
790 1275 910 1333 viarum.

158 1375 268 1433 Instant
279 1375 408 1432 ardentes
419 1374 514 1451 Tyrii:
536 1393 599 1452 pars
611 1375 714 1434 ducere
726 1394 830 1444 muros,

160 1477 317 1552 Molirique
330 1495 432 1547 arcem,
451 1485 482 1534 et
493 1478 624 1536 manibus
637 1477 801 1535 subvolvere
813 1477 898 1536 saxa:-

160 1581 226 1640 Pars
238 1588 336 1657 optare
347 1579 443 1636 locum
456 1579 540 1648 tedio,
559 1587 589 1636 et
601 1579 769 1638 concludere
781 1579 869 1638 sulco.

161 1684 231 1760 Jura
243 1681 478 1758 magistratusque
488 1681 600 1757 legunt,
618 1680 802 1756 santtumque
813 1681 951 1741 senatum.

161 1783 223 1846 Hic
232 1792 329 1860 portus
342 1783 391 1840 alii
403 1781 555 1840 effodiunt:
577 1782 626 1839 hic
638 1783 696 1840 alta
709 1783 825 1842 theatris

162 1885 359 1944 Fundamenta
370 1885 467 1941 locant
479 1883 538 1952 alii,
557 1882 736 1961 inmanisque
749 1885 895 1946 columnae

163 1986 293 2062 Rupibus
304 1985 450 2054 excidunt,
470 1983 558 2044 scenis
571 1986 672 2044 decora
684 1987 742 2044 alta
754 1987 867 2048 suturis.

164 2088 268 2148 Qualis
280 2107 346 2165 apes
358 2088 452 2147 aestate
465 2087 538 2147 novi
549 2107 600 2166 per
611 2090 697 2148 florea
710 2077 774 2148 rura

163 2192 285 2250 Exercet
298 2191 349 2248 sub
362 2190 419 2248 sole
430 2190 524 2261 labor;
545 2209 635 2266 quum
648 2192 741 2268 gentis
754 2193 865 2252 adultos

163 2293 298 2352 Educunt
309 2292 394 2360 febre,
413 2300 463 2350 aut
475 2309 565 2367 quum
577 2292 715 2368 liquentia
728 2295 813 2352 mella

165 2394 285 2470 Stipant,
304 2403 335 2452 et
347 2393 424 2451 dulci
436 2393 599 2451 distendunt
611 2395 723 2454 nectare
735 2397 833 2456 cellas:

165 2498 228 2554 Aut
241 2515 326 2554 onera
340 2494 488 2570 excipiunt
499 2495 676 2566 venientum,
692 2508 743 2556 aut
754 2499 870 2576 agmine
881 2500 956 2561 famo

164 2599 305 2675 Ignavum
318 2598 398 2656 sucos
410 2615 494 2674 pecus
507 2616 524 2654 a
536 2597 705 2674 praescpibus
718 2609 830 2658 arcent=

164 2701 267 2759 Fervet
278 2718 357 2776 opus,
376 2699 560 2775 redolentque
574 2699 674 2777 thymo
691 2701 847 2778 fragrantia
860 2704 955 2764 mella.

166 2802 195 2860 Ο
208 2801 363 2860 fortunati!
383 2819 503 2877 quorum
511 2799 572 2878 jam
585 2802 691 2859 moenia
704 2802 833 2881 surgunt,

166 2906 279 2966 AEneas
287 2903 342 2974 ait3
362 2913 393 2978 et
404 2903 517 2980 fastigia
529 2901 644 2980 suspicit
656 2904 744 2962 urbis.

167 3007 260 3064 Infert
272 3004 301 3064 se
312 3005 414 3081 saeptus
426 3004 530 3062 neema
544 3005 687 3080 (mirabile
699 3007 791 3076 dictu)

167 3110 220 3167 Per
231 3107 348 3181 medios,
366 3106 520 3182 miscetque
533 3106 615 3181 viria3
639 3126 732 3186 neque
745 3109 871 3171 cernitur
882 3111 950 3174 ullis
