2236 3584
275 621 306 685 P.
334 623 557 682 VIRGILII
587 620 818 680 MARONIS

411 782 673 880 CIRIS.

333 1085 767 1134 -Φ-..ψ

150 1353 235 1432 Ersr
249 1393 306 1446 me,
325 1374 405 1434 vario
412 1372 553 1451 jadiatum
563 1373 655 1433 laudis
668 1391 773 1441 amore,

151 1477 299 1554 Inritaque
311 1488 462 1556 expertum
473 1479 584 1538 fallacis
595 1479 712 1557 praemia
725 1473 816 1552 vulgi,

151 1580 307 1657 Cecropius
320 1579 411 1639 suavis
423 1581 567 1658 exspirans
580 1581 709 1640 hortulus
722 1595 803 1637 auras
892 1629 894 1634 .

151 1681 291 1740 Florentia
303 1683 388 1740 viridi
402 1684 514 1762 Sophiae
527 1679 841 1762 conplediitururnb125
945 1759 949 1764 Ι

152 1785 236 1843 Num
248 1803 313 1843 mea
324 1795 433 1861 quaeret
443 1805 477 1844 eo
488 1787 610 1863 dignum
621 1785 673 1844 fibi
683 1801 808 1861 quarere
819 1781 950 1840 carmen!

154 1889 255 1964 Longe
268 1887 346 1946 aliud
359 1887 493 1958 studium,
507 1898 595 1965 atque
608 1887 677 1947 alios
690 1885 818 1945 adeiniia
832 1885 952 1954 labores,

153 1989 252 2048 Altius
265 1991 302 2048 ad
314 1990 413 2067 magni
426 1990 573 2049 subtendit
585 1991 673 2048 sidera
685 1989 806 2058 mundis

155 2093 193 2150 Et
204 2091 343 2170 placitum
355 2094 453 2169 paucis
465 2093 531 2151 ausa
545 2093 585 2150 est
597 2092 767 2150 adscendere
779 2091 897 2149 collem:

155 2195 225 2252 Non
239 2202 335 2252 tamen
349 2194 478 2252 abfistam
490 2204 618 2273 coeptum
630 2196 763 2252 detexere
773 2203 892 2252 manner

157 2297 192 2354 In
204 2315 261 2372 quo
270 2295 334 2373 jure
347 2315 424 2354 meas
436 2296 549 2354 utinam
562 2295 735 2373 requiescere
748 2295 856 2368 Musas,

156 2399 195 2457 Et
207 2400 308 2457 leviter
321 2399 459 2457 blandum
471 2399 556 2457 liceat
570 2400 711 2476 deponere
723 2404 845 2458 rnorem.

158 2502 247 2560 Quod
261 2501 281 2558 fi
295 2500 449 2560 mirificum
461 2501 589 2578 proferre
601 2501 697 2560 valent
710 2511 801 2578 genus
813 2519 916 2561 omnes.

157 2603 318 2662 Mirificuni
331 2603 416 2672 saecli,
435 2605 521 2662 modo
534 2603 569 2661 fit
581 2603 634 2664 tibi
648 2604 721 2661 velle
733 2603 837 2676 libido;

158 2703 187 2764 si
200 2727 248 2766 me
255 2706 317 2784 jam
329 2707 440 2766 summa
454 2707 597 2785 Sapientia
609 2716 728 2784 poneret
740 2727 814 2778 arce,

160 2811 293 2868 Quatuor
305 2809 431 2886 antiquis
444 2829 508 2886 qnae
527 2809 679 2868 heredibus
696 2809 736 2866 est
748 2810 815 2867 data
828 2807 957 2874 censoria

158 2912 246 2970 Unde
259 2911 410 2970 hominum
423 2931 530 2970 errores
543 2912 629 2990 longe
641 2912 756 2988 lateque
767 2929 819 2988 per
831 2912 931 2970 orbem

159 3013 320 3091 Despicere,
330 3021 417 3092 atque
426 3014 544 3073 humilia
553 3013 660 3091 possem
670 3023 854 3072 contemnere
861 3031 959 3073 curare

158 3117 228 3176 Non
241 3136 297 3196 ego
311 3126 339 3178 te
352 3118 440 3178 talem
453 3135 601 3178 venerarer
614 3135 732 3178 munere
745 3116 796 3176 tali
801 3125 812 3190 3'
