2236 3584
134 199 223 258 ectri.
454 202 483 260 C
494 204 509 260 Ι
522 203 548 260 R
560 201 574 260 1
588 203 616 261 S.
880 210 942 260 145⁷

133 354 249 432 Adcipe
260 355 346 428 dona,
366 375 431 415 meo
444 359 571 416 multum
582 353 816 434 vigilata‘labore,

132 455 173 514 Et
186 458 325 534 praemiffa
339 459 395 517 tuis
408 479 466 518 non
479 479 585 537 magna
598 459 715 518 exordia
728 461 828 518 rebusa

133 559 223 636 Inpia.
230 561 367 638 prodigiis
380 571 415 620 ut
426 565 572 640 quondam
585 563 724 622 exterruit
737 562 846 640 amplia

134 663 239 738 Scylla,
259 683 402 740 nouosque
415 665 521 735 avium,
542 659 670 724 sublimis
687 665 718 722 ln
732 668 804 736 aire,
826 671 915 723 coetus

133 764 247 822 Viderit
252 790 260 836 ;
283 775 320 835 et,
341 768 421 825 tenui
434 768 624 826 conscendens
636 767 724 826 tidera
738 769 843 844 penui,

15 899 16 904 κ
133 867 270 926 Caeruleis
284 868 333 926 sua
347 870 420 928 tecta
434 871 678 948 supervolitaverit
691 871 755 941 alis;

133 970 219 1027 Hanc
231 990 283 1046 pro
294 990 436 1048 purpureo
449 991 564 1048 poenam
576 973 711 1030 scelerata
724 971 837 1048 capillo,

134 1072 245 1147 Proque
257 1073 346 1148 patris
358 1073 468 1133 solvens
481 1073 575 1132 exciti
588 1074 719 1131 funditus
731 1077 813 1134 urbe.

173 1175 331 1249 Conplu‘rea
343 1175 433 1247 illam,
455 1186 486 1233 et
497 1175 606 1252 magni,
626 1175 765 1244 Melsatla,
785 1177 876 1252 poiitae

132 1276 227 1350 (Nam
237 1296 336 1334 verum
349 1278 491 1336 fateamur
495 1303 504 1350 ς
527 1288 604 1336 amat
617 1278 807 1354 Polyhymnia
817 1280 932 1353 verum)

132 1376 234 1454 Longe
246 1379 303 1436 alia
314 1379 466 1455 perhibent
479 1389 620 1438 mutatam
632 1381 761 1437 membra
774 1368 880 1456 figur&

133 1478 286 1555 Scyllaeum
298 1483 422 1539 monstra
434 1481 466 1538 in
480 1483 580 1540 saxum
593 1482 725 1540 conversa
738 1483 842 1540 vocari.

7 1561 15 1642 ³.
134 1583 217 1640 Illam
231 1583 295 1653 etse,
316 1585 449 1642 aerumnis
462 1583 635 1661 quamsaepe
648 1583 891 1662 legamusUlyxi‚
945 1601 949 1614 ·

15 1721 17 1726 ,
135 1686 266 1744 Candida
279 1686 452 1744 succintiam
465 1687 634 1745 latrantibus
647 1687 767 1762 inguina
781 1687 919 1756 monstris,

131 1788 283 1846 Dulichias
296 1789 406 1846 vexaffe
419 1789 505 1859 ratis‚·
516 1798 546 1845 et
559 1788 673 1864 gurgite
687 1787 717 1844 in
731 1787 790 1844 alto

131 1890 292 1966 Deprensus
305 1901 404 1948 nautas
418 1889 534 1948 canibus
547 1889 677 1948 lacerass'e
691 1888 820 1948 marinis.

11 2051 13 2056 ,
132 1994 187 2050 Sed
200 2011 293 2068 neque
305 1993 438 2050 Maeoniae
450 1993 512 2050 haec
524 1992 674 2069 patiuntur
687 1991 801 2048 credere
815 1991 929 2061 chartae,

131 2095 197 2155 Nec
209 2096 301 2154 malus
313 2095 430 2153 istorum
444 2095 537 2153 dubiis
550 2095 692 2152 erroribus
703 2095 809 2152 auctor.

130 2199 269 2274 Namque
281 2197 350 2256 alias
363 2197 412 2256 alii
424 2197 512 2274 vulgo
524 2197 633 2254 finxere
646 2197 763 2274 puellae,

59 2329 63 2338 =
131 2301 209 2359 Quae
222 2299 435 2378 Colophoniaco
449 2297 548 2376 Scyllae
561 2299 698 2356 dicantur
705 2300 843 2358 Homero.

130 2403 188 2480 Ipsr
201 2402 251 2460 seu
265 2403 366 2461 Lamie
378 2411 470 2460 mater
482 2399 525 2472 stt,
546 2401 603 2458 five·
616 2401 744 2470 Crataeis,

25 2577 27 2582 Ι
132 2505 197 2562 Sive
209 2505 289 2563 illam
302 2505 425 2562 monstro
439 2503 541 2580 genuit
553 2503 651 2562 Persea
664 2503 790 2572 biformi,

129 2607 199 2664 Sive
211 2608 251 2664 est
263 2617 363 2664 neutra
376 2625 489 2682 parens:
512 2613 599 2682 atque
611 2603 666 2662 hoc
679 2604 710 2662 in
727 2603 854 2663 carmine
870 2611 931 2662 toto

31 2691 38 2700 '
131 2708 441 2784 Inguinisestvitium,
461 2706 620 2764 etuenerts
633 2706 773 2784 descripta
786 2705 889 2777 uum

131 2809 197 2867 Sive
210 2809 298 2870 etiam
311 2810 351 2867 est
359 2808 442 2884 jactis
455 2808 577 2886 speciem
590 2817 700 2867 mutata
712 2808 840 2879 venenis,
960 2809 962 2814 ’

8 2966 12 2972 ,
132 2909 241 2968 Infelix
255 2911 349 2986 virgo:
371 2909 440 2986 quid
454 2911 534 2968 euim
546 2909 715 2968 conmiserat
728 2909 796 2966 illa?

131 3011 195 3090 Ipse
209 3015 298 3081 Pater,
318 3015 426 3070 nudam
438 3013 510 3072 saevi
522 3013 677 3089 conplexus
689 3011 783 3079 arcui,

130 3113 307 3192 conjugium
320 3133 391 3173 catae
404 3111 557 3188 violaverat
569 3113 773 3192 Amphitriten
