2194 3584
141 217 169 258 ν,
180 206 248 258 315.
459 153 558 259 LIl3.
598 199 623 258 1.
689 221 691 228 ·
901 199 938 257 33

141 357 220 433 Saepe
233 374 298 433 ego,
317 351 408 433 quum
420 358 502 417 flavis
514 356 664 416 messorem
676 354 825 418 induceret
837 352 911 411 arvis

12 455 13 462 '
139 457 287 536 Agricola,
308 468 337 518 et
350 456 448 537 fragili
456 459 518 538 jam
532 459 680 537 stringeret
691 457 797 518 horden
809 456 914 526 culmo,

139 561 249 620 Omnia
262 572 412 621 ventorum
424 579 590 623 concurrere
602 563 703 641 proelia
717 561 791 635 vidl3

142 665 217 722 011ae
230 664 376 742 gravidam
390 667 448 724 late
461 667 588 744 segetem
599 668 636 724 ab
649 664 792 724 radicibus
805 657 873 723 imis

140 767 269 826 Sublime
281 767 430 844 expulsam
443 779 588 827 eruerent:
610 768 652 826 ita
666 768 781 826 turbine
794 767 879 844 nigro

139 870 238 928 Ferret
257 870 350 929 hiems
369 871 555 949 culmumque
580 871 674 931 levem
697 869 867 948 stipulasque
887 889 937 928 vo·

216 972 313 1031 lautis.

139 1075 219 1151 Saepe
230 1075 319 1134 etiarn
326 1071 490 1135 inmensum
500 1077 572 1136 coelo
582 1075 662 1137 venit
674 1092 777 1154 agmen
789 1092 938 1152 aquarum„

138 1179 177 1236 Et
190 1178 298 1236 foedam
311 1179 471 1256 glomerant
485 1179 680 1258 tempestatem
696 1177 838 1238 imbribus
850 1179 919 1238 atris

139 1280 285 1340 Conlestae
298 1299 334 1340 ex
348 1283 406 1340 alto
419 1285 523 1340 nubes:
546 1283 604 1340 ruit
617 1282 721 1340 arduus
734 1281 836 1355 netlrer3

137 1383 177 1441 Et
189 1383 287 1461 pluvii
299 1383 414 1462 ingenti
427 1384 485 1442 sata
498 1385 564 1443 laeta
577 1387 723 1460 boumque
735 1384 845 1442 labores

137 1485 248 1557 Diluit;
270 1487 418 1564 inplentur
430 1487 516 1556 fossae,
532 1496 563 1545 et
575 1501 643 1545 cova
654 1486 775 1544 flumina
788 1486 918 1546 crescunt

139 1587 216 1646 Cum
230 1587 325 1646 sonitu
332 1613 342 1660 3
363 1589 510 1665 fervetque
523 1589 604 1647 fretis
617 1589 787 1667 spirantibus
800 1607 907 1665 aequor.

138 1689 202 1766 lpse
216 1691 306 1759 Pater,
326 1690 422 1749 medld
435 1691 601 1749 nimborum
612 1691 643 1748 in
657 1691 749 1762 nodie,
770 1691 886 1750 corusci

137 1792 270 1852 Fulmina
283 1793 403 1851 molitur
414 1793 529 1862 dextrl;
550 1810 609 1869 quo
621 1811 756 1851 maxuma
768 1802 851 1852 motu

136 1897 226 1956 Terra
235 1896 351 1954 tremit:
374 1897 473 1972 sugere
485 1896 566 1968 serae3
588 1905 618 1954 et
630 1895 762 1954 mortalia
774 1897 860 1954 corda

138 2000 192 2057 Per
204 2007 304 2075 gentes
318 1998 437 2056 humilis
449 1997 545 2056 stravit
557 2017 658 2076 pavor:
680 1999 730 2056 ille
743 1997 879 2076 flagranti

136 2103 201 2159 Aut
213 2100 305 2169 Atho,
322 2110 372 2158 aut
385 2101 552 2178 Rhodopen,
571 2115 621 2159 aut
634 2101 691 2160 alta
704 2100 846 2160 Ceraunia
860 2101 918 2160 telo
935 2151 937 2158 ,

136 2199 261 2279 Dejicitj
283 2202 466 2278 ingeminant
479 2203 565 2261 austri
578 2213 608 2261 et
620 2203 795 2262 deusrffimus
806 2203 914 2274 imber3

136 2305 228 2364 Nunc
241 2321 356 2363 nemora
370 2305 483 2382 ingenti
495 2315 592 2375 vento,
612 2325 689 2363 nunc
701 2305 794 2376 litora,
814 2306 936 2384 plangit.

176 2409 243 2466 Hoc
255 2417 395 2476 metuens,
415 2407 480 2465 coeli
493 2408 603 2466 menses
617 2419 647 2467 et
657 2408 745 2468 srdera
758 2408 850 2480 servm

138 2509 256 2588 Frigida
270 2509 383 2568 Saturni
396 2509 454 2570 sese
467 2529 524 2588 quo
537 2511 615 2568 stella
628 2519 753 2587 receptet
758 2536 768 2583 3

138 2613 222 2671 Quos
234 2612 312 2689 ignis
324 2612 390 2670 coeli
403 2612 553 2690 Cyllenius
566 2622 642 2671 erret
653 2612 683 2670 in
697 2615 787 2671 orbes.

137 2719 174 2776 In
187 2717 288 2795 primis
300 2735 435 2775 venerare
447 2717 522 2785 deos,
543 2725 629 2792 atque
641 2734 736 2774 annua
750 2733 863 2792 maguae

138 2822 222 2879 Sacra
234 2819 309 2876 refer
322 2819 430 2887 Cereri,
448 2818 521 2876 laetis
534 2827 665 2895 operatus
678 2819 709 2876 in
722 2818 827 2888 herbis,

137 2923 282 2981 Extremae
296 2919 348 2978 sub
360 2919 458 2978 casum
471 2919 583 2991 hiemis,
599 2919 661 2997 jam
673 2939 739 2978 vere
752 2919 858 2980 sereno.

134 3025 223 3084 Tunc
235 3023 356 3101 pingues
369 3021 447 3099 agni,
466 3030 496 3080 et
509 3031 579 3080 tunc
591 3021 752 3080 mollissima
766 3023 831 3082 vina
839 3047 848 3094 ς

134 3127 225 3187 Tunc
236 3125 329 3186 somni
342 3124 439 3184 dulces
452 3124 601 3202 densaeque
615 3125 646 3184 in
659 3125 805 3184 montibus
818 3127 936 3184 umbrae.
1009 3103 1083 3512 ε
