2236 3584
145 235 172 276 v.
184 225 250 290 307.
463 221 518 280 LI
528 221 561 279 B.
601 220 626 278 1.
882 223 936 292 197

143 373 298 449 Explorare
309 393 395 432 noros
402 399 410 446 ς
436 395 506 452 quas
518 385 605 434 vento
618 371 764 434 adcefferit
777 391 848 440 oras,

144 475 207 534 uui
215 485 340 554 teneant,
350 496 418 534 nam
428 477 537 535 inculta
545 479 631 544 videt,
642 476 809 533 hominesne
821 473 935 544 seraone,

143 575 280 634 Ouaerere
293 579 447 648 constituit,
467 578 606 654 sociisque
619 578 716 636 exodia
730 555 850 634 referre..

143 678 266 736 Claffem
277 679 309 736 in
321 699 449 739 convexo
461 699 621 750 nemorum,
642 679 694 738 sub
707 697 777 759 rupe
789 676 898 746 cavati,

142 779 302 840 Arboribus
314 782 438 841 clausam
451 782 560 842 circum
573 792 660 856 atque
676 778 858 838 horrentibus
870 794 935 840 um·

220 881 288 952 bris,

143 983 273 1042 Oceulit:
295 984 355 1062 ipse
368 1005 426 1042 uno
440 986 568 1062 graditur
581 984 731 1042 comitatus
744 982 857 1042 Achate
868 1006 876 1058 ς

141 1086 213 1144 Bina
223 1103 314 1146 manu
327 1087 385 1144 lato
397 1087 520 1163 crispans
533 1086 642 1144 hastilia
658 1086 741 1142 ferro.

142 1188 200 1245 Cui
213 1198 304 1246 mater
315 1189 410 1246 media
423 1188 480 1247 sese
494 1187 561 1248 tulit
575 1187 657 1246 obvia
673 1186 749 1254 filva,

93 1357 96 1362 ¹
135 1291 270 1367 -Virginis
282 1311 313 1350 os
325 1291 514 1367 habitumque
528 1309 636 1367 gerens,
657 1299 687 1348 et
699 1288 819 1364 virginis
831 1307 910 1348 arma

142 1395 300 1470 Spartanae:
322 1395 367 1451 vel
381 1394 473 1470 qualis
486 1413 572 1469 equos
585 1392 714 1455 Threiffa
728 1392 833 1468 fatigat

142 1495 312 1572 Harpalyce,
320 1496 520 1572 volucremque
531 1495 600 1571 fugi
607 1493 788 1576 praevertitur,
793 1495 937 1554 Hebrum.

142 1589 277 1672 Namque
290 1597 414 1656 humeris
425 1598 460 1656 de
470 1615 548 1656 more
558 1597 686 1658 habilem
695 1594 877 1673 suspenderat
889 1615 937 1658 ar·

99 1727 101 1732 ·
220 1717 296 1768 cum,

140 1801 290 1871 venatrix,
311 1803 482 1878 dederatque
496 1819 608 1860 comam
621 1799 782 1860 diffimdere
795 1801 887 1860 ventis
891 1826 902 1874 3

141 1903 229 1964 Nuda
243 1920 330 1978 genu,
351 1904 483 1979 nodoque
496 1903 571 1960 finus
584 1903 710 1962 conledta
723 1903 850 1962 fluentis.

141 2006 187 2062 Ac
200 2005 286 2082 prior,
306 2007 394 2074 Heus,
411 2005 515 2080 inquit,
532 2003 667 2082 juvenes!
689 2005 840 2064 monstrate
857 2023 934 2064 mea·

219 2125 285 2166 rum

141 2207 258 2269 Vidistis
271 2209 291 2268 fi
305 2227 392 2284 quam
404 2207 453 2266 hic
465 2215 608 2266 errantem
621 2205 696 2264 forte
709 2205 845 2276 sororum}

141 2310 324 2370 Subcindiam
336 2310 466 2387 pharetra
478 2318 509 2366 et
520 2306 669 2366 maculosa
683 2309 810 2386 tegmine
822 2309 922 2386 lyncis,

141 2413 205 2469 Aut
218 2410 375 2487 spumantis
387 2409 449 2488 apri
462 2410 574 2468 cursum
590 2411 713 2469 elamore
726 2421 915 2486 prementem.

179 2499 226 2574 'sic
239 2513 337 2570 Venus
342 2537 351 2583 ;
373 2522 403 2570 et
416 2511 535 2570 Veneris
548 2521 646 2572 contra
660 2513 696 2570 fic
711 2512 786 2570 filius
799 2513 894 2578 orsus:
934 2495 937 2502 ²

141 2615 231 2673 Nulla
245 2624 360 2674 tuarum
373 2613 469 2671 audita
483 2613 556 2670 mihi
570 2633 663 2690 neque
676 2613 734 2672 visa
748 2615 883 2683 sororum,

141 2715 178 2784 0,
198 2735 286 2792 quam
300 2725 329 2774 te
341 2718 516 2774 memorem?
537 2715 633 2792 virgo!
655 2715 866 2793 namquehaud
879 2715 934 2774 tibi

170 2803 172 2810 ,
217 2817 311 2876 voltus

141 2919 282 2987 Mortalis,
291 2937 348 2980 nee
359 2937 415 2976 vox
427 2917 575 2978 hominem
588 2919 668 2978 sonat
673 2943 681 2990 ς
703 2939 730 2987 ο,
744 2919 820 2977 Dea!
840 2927 916 2980 certe
921 2945 931 2992 ς

140 3022 191 3079 An
204 3020 301 3079 Phoebi
314 3020 405 3078 soror?
426 3039 463 3078 aa
476 3021 677 3098 Nympharum
689 3021 834 3096 sanguinis
845 3025 920 3082 nna?

141 3122 186 3182 sn
194 3121 276 3193 felix,
289 3121 471 3198 nothumque
484 3121 573 3194 leves,
583 3141 780 3200 quaecumque,
791 3123 932 3184 laborem:
