2208 3574
128 257 217 326 eoa.
439 203 538 304 iis.
578 201 617 302 1i.
863 207 920 312 219

131 400 273 460 Adflietus
286 399 375 460 vitam
387 400 420 456 in
433 399 566 468 tenebris,
581 399 724 472 luctuque,
744 395 900 466 trahebam,

131 505 170 561 Et
180 503 279 560 casmn
291 501 410 558 insontis
422 520 534 558 mecum
548 500 717 576 indignabar
729 499 825 556 amici.

132 606 197 662 Nec
212 605 288 660 moui
301 605 430 660 demens:
451 611 482 658 et
495 621 551 671 me,
571 601 628 657 fors
641 599 661 658 si
674 619 731 676 qua
745 599 860 669 tulitset‚

132 705 163 762 Si
175 705 280 780 patrios
289 723 428 779 umquam
440 702 603 761 remeaffem
615 697 704 758 vietor
716 703 752 758 ad
764 702 867 777 Argos,

132 805 249 864 Promisi
262 806 400 876 'ultorem5
421 813 451 862 et
463 804 554 862 verbis
567 805 633 861 odia
645 803 741 880 aspera
753 804 840 861 movi.

134 909 214 966 Hinc
226 907 299 964 mihi
317 907 408 983 prima
421 905 490 963 maii
503 907 592 976 labes3
615 905 683 962 hinc
701 906 810 983 semper
822 889 924 964 Ulixei

135 1009 311 1067 Criminibus
325 1021 428 1066 terrere
441 1008 533 1078 novis3
555 1007 624 1064 hinc
637 1008 766 1084 spargere
778 999 862 1068 voces

135 1113 170 1168 In
183 1111 302 1186 volgum
314 1109 469 1185 ambiguas,
490 1117 519 1166 et
532 1128 657 1185 quaerere
670 1109 795 1166 conscius
807 1131 895 1170 anna⁴

134 1214 199 1270 Nec
212 1211 351 1286 requievit
363 1211 450 1278 enim,
463 1210 554 1266 donec
565 1209 724 1268 Calchante
736 1195 904 1270 ministro-¹

136 1315 190 1372 Sed
203 1313 272 1390 quid
285 1332 339 1389 ego
356 1313 418 1369 baec
436 1321 531 1368 autem
547 1311 741 1388 nequidquam
757 1313 870 1390 ingrata
883 1301 927 1378 m-

146 1421 150 1428 '
213 1415 312 1473 volvo?
878 1449 880 1454 -

138 1519 253 1577 Quidve
267 1519 373 1574 moror?
396 1517 417 1574 fi
430 1515 523 1573 omnis
535 1535 593 1572 uno
606 1513 705 1576 omine
715 1517 826 1575 bebetis
837 1519 927 1576 Achi-

214 1639 272 1688 vos,

136 1723 227 1797 quue
239 1721 337 1779 andire
347 1720 391 1777 iat
400 1720 456 1790 τῆς
474 1718 644 1794 jamdudum
661 1720 765 1778 sumite
776 1707 886 1798 poenas:

137 1825 203 1882 Hoc
217 1822 331 1879 Ithacus
343 1822 421 1890 velit,
435 1831 465 1876 et
479 1839 583 1896 magno
596 1832 757 1879 mercentur
769 1823 889 1881 Atridae.

174 1926 253 1983 Tum
265 1943 332 1982 vero
345 1923 474 1980 ardemus
486 1922 590 1990 scitari,
611 1932 640 1979 et
653 1943 777 1998 quaerere
789 1926 902 1995 cautius,
923 1973 925 1978 .

139 2026 236 2104 Ignari
250 2025 385 2083 scelerum
398 2033 544 2080 tantorum
557 2024 680 2098 artisque
694 2024 826 2101 Pelasgae.

139 2125 318 2204 Prosequitur
329 2125 466 2202 pavitans,
486 2133 516 2181 et
528 2124 594 2182 fleto
607 2125 719 2200 petitore
732 2127 824 2184 fatur:

180 2229 259 2306 Saepe
271 2230 371 2304 fugam
383 2226 478 2284 Danai
490 2223 576 2300 Troji
591 2226 705 2302 cupiere
717 2227 815 2286 relicta

141 2331 251 2400 Moliri,
272 2340 301 2387 et
312 2331 399 2404 longo
412 2328 473 2384 feffi
486 2327 628 2386 discedere
645 2329 735 2386 bello:

141 2435 336 2508 Feciffentque
348 2429 474 2488 utinam!
496 2429 568 2506 saepe
580 2429 644 2486 illos
657 2430 752 2507 aspera
765 2433 847 2508 ponti

142 2519 304 2594 Interclufit
316 2532 416 2602 hiems,
437 2539 465 2588 et
478 2530 578 2588 terruit
591 2532 695 2589 Auster
703 2533 807 2591 euntis.

142 2638 295 2714 Praecipue,
309 2652 398 2710 quum
409 2631 468 2710 jam
481 2631 538 2702 hic,
552 2632 681 2691 trabibus
694 2644 844 2694 contextus
857 2655 934 2695 acer·

220 2739 274 2810 nis,

144 2841 237 2900 Staret
248 2859 346 2916 equus,
367 2850 429 2900 toto
444 2843 598 2900 sonuerunt
611 2841 715 2898 aethere
727 2841 830 2900 nimbi.
921 2879 924 2886 Δ

32 2949 34 2954 ’
141 2942 274 3019 Suspensi
287 2943 475 3020 Eurypylum,
495 2942 627 3000 scitatum
644 2943 756 3000 oracua
770 2944 879 3014 Phoebi,

144 3043 290 3102 Mittimus
295 3069 303 3114 3
324 3044 404 3118 isque
415 3041 510 3122 adytis
527 3045 588 3101 haec
603 3043 691 3102 tristia
705 3045 780 3102 diua
792 3055 932 3122 reportat:

145 3143 292 3224 Sanguine
304 3147 431 3224 placastis
444 3156 553 3217 ventos,
573 3157 603 3202 et
616 3147 728 3224 virgine
741 3148 820 3220 caesi,
