2194 3584
159 241 198 291 28
403 237 704 309 BUCOLICA,

373 723 596 782 ECLOGA
634 725 718 785 VIII.

327 943 782 998 PHARMACEUTRIA.

313 1181 316 1191 ¹
369 1140 492 1180 DAMON.
514 1141 742 1180 ALPHESIBOEUS·
841 1179 843 1184 .

153 1291 320 1354 Puerorum
331 1296 447 1354 Musam
460 1297 598 1356 Damonis
608 1305 638 1354 et
650 1296 835 1374 Alphesrboei,

126 1426 128 1432 ι
152 1395 308 1453 Immemor
320 1396 472 1456 herbarum
485 1418 555 1474 quos
568 1399 608 1456 est
620 1397 722 1456 mirata
732 1396 855 1475 juvenca

151 1496 304 1567 Cenantis,
324 1517 446 1573 quorum
459 1500 620 1576 stupefaRae
629 1499 755 1558 carmine
768 1501 873 1576 lyncea,

150 1597 188 1655 Et
201 1606 312 1658 mutata
324 1599 387 1658 suna
397 1601 562 1676 requierunt
574 1601 695 1680 flumina
708 1601 804 1660 cursus
810 1626 819 1672 ς

149 1699 287 1766 Damonis
300 1702 416 1760 Musam
429 1702 556 1762 dicemus
569 1713 599 1760 et
611 1703 797 1780 Alphefiboei.
893 1685 896 1692 ⁴

186 1803 243 1872 Tu,
262 1802 337 1862 mihi
350 1803 399 1862 seu
411 1805 511 1881 magni
524 1805 637 1882 superas
646 1803 708 1882 jam
722 1805 788 1864 saxa
800 1805 924 1875 Timavi,

148 1901 212 1960 Sive
226 1920 306 1961 oram
318 1904 428 1980 Illyrici
440 1905 512 1982 legis
524 1907 644 1981 aequoris
651 1931 659 1976 ;
680 1925 715 1966 en
727 1908 732 1963 Ι
748 1907 805 1964 erit
816 1925 943 1983 unquam

146 2005 202 2061 Ille
214 2004 283 2076 dies,
303 2006 376 2064 mihi
390 2025 456 2064 cum
467 2007 553 2064 liceat
565 2019 615 2064 tna
627 2008 721 2082 dicere
733 2009 824 2072 fama?

147 2106 207 2164 En!
231 2106 295 2176 erit,
309 2117 342 2164 ut
354 2108 441 2166 liceat
454 2117 548 2190 tntum
559 2109 633 2166 mihi
646 2109 720 2166 ferre
732 2129 783 2186 per
795 2113 894 2170 orbem
905 2119 908 2126 ’

147 2209 211 2266 Sola
226 2209 382 2284 Sophocleo
395 2219 444 2266 tna
458 2211 585 2267 carmina
599 2211 686 2288 digna
699 2211 856 2270 cothurno?
906 2231 910 2242 ·

146 2311 177 2367 A
190 2319 219 2370 te
231 2310 406 2388 principium
411 2336 421 2383 3
443 2312 498 2369 tibi
511 2311 628 2370 defluet.
667 2314 781 2389 Adcipe
790 2313 870 2390 jnffis

146 2411 282 2470 Carmina
307 2423 401 2489 coepta
421 2413 487 2485 tuis,
521 2422 607 2488 atque
633 2413 707 2472 hanc
732 2415 790 2472 fine
814 2425 939 2492 tempora

224 2514 334 2578 circum

144 2616 224 2673 Inter
236 2615 366 2674 vffirices
378 2617 490 2674 ederam
505 2616 560 2674 tibi
572 2616 683 2693 serpere
695 2617 796 2676 lauros.

182 2716 299 2792 Frigida
311 2717 361 2774 vix
374 2716 446 2774 coelo
459 2717 550 2774 noffls
563 2717 717 2776 decesserat
729 2722 840 2790 umbra,
933 2734 937 2742 ’

143 2820 219 2877 Cum
233 2838 278 2878 ros
290 2819 322 2876 in
336 2819 433 2876 tenera
445 2821 542 2895 pecori
554 2821 726 2895 gratiffimus
739 2822 839 2894 herba,

142 2921 315 2980 Incumbens
327 2921 411 2978 tereti
423 2921 538 2980 Damon
553 2921 591 2978 fic
604 2922 692 3000 eoepit
705 2923 807 2982 olivaea

46 3019 48 3026 ’
75 3009 77 3014 ’
102 3015 104 3019 ’
381 3003 383 3008 ’
483 3041 606 3084 aanor.
934 3089 937 3096 f

141 3122 933 3203 Nascere,praequediemveniensage,Lucifer,a1mum;
977 3189 980 3194 .
