2236 3584
271 573 302 632 a.
325 573 557 640 vrnernrr
590 573 832 636 Maronis
933 595 936 633 ;

439 747 474 826 C
501 746 537 825 O
563 745 662 826 PA.

404 1052 691 1098 καφ»,

146 1315 243 1396 Cora
256 1339 374 1417 Syrisce,
384 1351 481 1419 ¹caput
493 1342 580 1402 Graii
594 1339 727 1401 redimita
740 1337 860 1407 mitella,

185 1445 317 1522 Crispum
329 1443 381 1504 sub
393 1447 501 1505 crotalo
514 1443 596 1504 docta
608 1465 723 1506 movere
735 1445 818 1514 latus,
925 1449 928 1460 ¹

144 1545 231 1606 Ebria
244 1549 355 1608 fumoffi
369 1549 451 1609 saltat
463 1549 566 1608 lasciva
579 1550 706 1618 tabem,

182 1649 232 1708 Ad
244 1653 376 1710 cubitum
389 1673 487 1711 raucos
500 1653 648 1711 excutiens
661 1653 794 1710 calamos.

9 1756 11 1794 l
116 1775 119 1779 ·
144 1752 226 1812 Quid
235 1753 318 1832 juvat
331 1755 426 1815 aestivo
439 1755 577 1814 defessum
589 1756 705 1834 pulvere
717 1755 817 1825 abesse,

181 1857 279 1918 Quam
293 1859 388 1936 potius
400 1859 500 1918 bibulo
513 1859 676 1918 decubuiffe
690 1861 771 1916 toro?

140 1959 213 2018 Sunt
226 1961 313 2038 topia,
333 1971 363 2020 et
376 1963 486 2033 calices,
500 1963 606 2040 cyathi,
620 1961 690 2032 rosa,
705 1961 785 2032 tibia,
798 1959 922 2033 chordae,

178 2064 217 2121 Et
230 2063 352 2136 nichila,
372 2067 536 2125 umbriferis
549 2066 655 2143 frigida
669 2064 871 2124 arundinibus:

138 2165 190 2226 Est
201 2177 239 2238 ct,
260 2168 397 2227 Maenalio
411 2189 475 2246 quae
489 2169 578 2248 garrit
592 2171 676 2228 dulce
686 2169 738 2226 sub
752 2179 844 2239 antro,

179 2269 294 2329 Rustica
307 2271 422 2350 pastoris
434 2271 526 2330 fistula
540 2291 620 2330 more
634 2271 749 2330 sonans:

10 2363 13 2368 ’
138 2373 187 2432 Est
198 2383 228 2432 et
240 2394 341 2453 vappa,
362 2376 434 2434 cado
448 2393 539 2454 nuper
551 2375 649 2434 defusa
662 2375 757 2453 picato
762 2395 771 2448 ς
805 2411 807 2416 ·

176 2478 225 2535 Est
238 2479 385 2556 strepitans
397 2499 483 2537 rauco
494 2497 641 2537 murmure
653 2477 730 2536 rivus
743 2497 841 2556 aquae:

137 2581 212 2639 Sunt
224 2591 254 2639 et
267 2582 406 2660 Cecropio
415 2581 522 2659 junctae
534 2584 570 2641 de
583 2583 653 2640 flore
666 2583 793 2654 corollae5

176 2685 310 2762 Sertaque
323 2687 465 2763 purpurea
478 2687 555 2745 lutea
568 2686 650 2744 mista
663 2685 725 2744 roffi
731 2711 741 2757 3

135 2785 174 2846 Et
187 2808 251 2863 quae
262 2789 392 2866 virgineo
405 2789 494 2847 libata
508 2790 645 2848 Achelois
658 2792 694 2848 ab
707 2807 792 2848 amne

173 2890 250 2950 Lilia
263 2892 395 2951 vimineis
408 2893 512 2952 adtulit
524 2894 557 2951 in
569 2893 703 2952 calathis:

134 2993 208 3054 Sunt
220 3004 250 3052 et
263 2995 375 3065 caseoli,
395 3015 466 3073 quos
479 2996 579 3074 stirpen
593 2995 692 3055 fiscina
705 2996 804 3070 ficcat3

173 3099 246 3160 Sunt
260 3099 420 3158 autumnali
433 3119 514 3159 cerea
527 3119 619 3177 pruna
632 3099 692 3173 die3

524 3221 545 3258 a
