<?xml version="1.0" encoding="UTF-8"?>
<!DOCTYPE html PUBLIC "-//W3C//DTD XHTML 1.0 Transitional//EN"
    "http://www.w3.org/TR/xhtml1/DTD/xhtml1-transitional.dtd">
<html xmlns="http://www.w3.org/1999/xhtml" xml:lang="en" lang="en">
 <head>
  <title>
</title>
<meta http-equiv="Content-Type" content="text/html;charset=utf-8" />
  <meta name='ocr-system' content='tesseract 3.04.00' />
  <meta name='ocr-capabilities' content='ocr_page ocr_carea ocr_par ocr_line ocrx_word'/>
</head>
<body>
  <div class='ocr_page' id='page_1' title='image "./pvirgiliimaroni02wakegoog/pvirgiliimaroni02wakegoog_0025.png"; bbox 0 0 2194 3584; ppageno 0'>
   <div class='ocr_carea' id='block_1_1' title="bbox 175 207 967 314">
    <p class='ocr_par' dir='ltr' id='par_1_1' title="bbox 175 207 967 314">
     <span class='ocr_line' id='line_1_1' title="bbox 175 207 967 314; baseline 0 -15"><span class='ocrx_word' id='word_1_1' title='bbox 175 247 211 300; x_wconf 74' lang='grc' dir='ltr'><em>η</em></span> <span class='ocrx_word' id='word_1_2' title='bbox 411 207 718 314; x_wconf 71' lang='lat' dir='ltr'>susurres,</span> <span class='ocrx_word' id='word_1_3' title='bbox 877 249 967 313; x_wconf 61' lang='lat' dir='ltr'>ms.</span> 
     </span>
    </p>
   </div>
   <div class='ocr_carea' id='block_1_2' title="bbox 156 413 1026 1990">
    <p class='ocr_par' dir='ltr' id='par_1_2' title="bbox 172 413 969 762">
     <span class='ocr_line' id='line_1_2' title="bbox 401 413 653 460; baseline 0.012 -10"><span class='ocrx_word' id='word_1_4' title='bbox 401 443 404 450; x_wconf 87' lang='lat'>.</span> <span class='ocrx_word' id='word_1_5' title='bbox 484 413 653 460; x_wconf 70' lang='lat' dir='ltr'>uussscrs.</span> 
     </span>
     <span class='ocr_line' id='line_1_3' title="bbox 173 483 969 574; baseline -0.006 -19"><span class='ocrx_word' id='word_1_6' title='bbox 173 496 306 574; x_wconf 79' lang='lat' dir='ltr'>Phyllida</span> <span class='ocrx_word' id='word_1_7' title='bbox 317 516 382 556; x_wconf 91' lang='lat' dir='ltr'>amo</span> <span class='ocrx_word' id='word_1_8' title='bbox 390 483 459 556; x_wconf 78' lang='lat' dir='ltr'>¹ante</span> <span class='ocrx_word' id='word_1_9' title='bbox 468 499 551 558; x_wconf 81' lang='lat' dir='ltr'>alias:</span> <span class='ocrx_word' id='word_1_10' title='bbox 573 518 642 556; x_wconf 87' lang='lat' dir='ltr'>nam</span> <span class='ocrx_word' id='word_1_11' title='bbox 654 515 702 555; x_wconf 89' lang='lat' dir='ltr'>me</span> <span class='ocrx_word' id='word_1_12' title='bbox 714 495 857 554; x_wconf 81' lang='lat' dir='ltr'>discedere</span> <span class='ocrx_word' id='word_1_13' title='bbox 869 495 969 566; x_wconf 84' lang='lat' dir='ltr'>flerit;</span> 
     </span>
     <span class='ocr_line' id='line_1_4' title="bbox 172 598 966 676; baseline -0.005 -18"><span class='ocrx_word' id='word_1_14' title='bbox 172 601 219 669; x_wconf 89' lang='lat' dir='ltr'>Et,</span> <span class='ocrx_word' id='word_1_15' title='bbox 233 603 378 676; x_wconf 89' lang='lat' dir='ltr'>Longum,</span> <span class='ocrx_word' id='word_1_16' title='bbox 398 601 530 672; x_wconf 83' lang='lat' dir='ltr'>formose,</span> <span class='ocrx_word' id='word_1_17' title='bbox 550 601 629 658; x_wconf 90' lang='lat' dir='ltr'>vale!</span> <span class='ocrx_word' id='word_1_18' title='bbox 652 599 731 658; x_wconf 87' lang='lat' dir='ltr'>vale!</span> <span class='ocrx_word' id='word_1_19' title='bbox 754 598 860 674; x_wconf 88' lang='lat' dir='ltr'>inquit,</span> <span class='ocrx_word' id='word_1_20' title='bbox 881 598 966 656; x_wconf 92' lang='lat' dir='ltr'>Iolla.</span> 
     </span>
     <span class='ocr_line' id='line_1_5' title="bbox 485 721 651 762; baseline 0 -2"><span class='ocrx_word' id='word_1_21' title='bbox 485 721 651 762; x_wconf 78' lang='lat' dir='ltr'>nassoeras.</span> 
     </span>
    </p>

    <p class='ocr_par' dir='ltr' id='par_1_3' title="bbox 171 803 906 882">
     <span class='ocr_line' id='line_1_6' title="bbox 171 803 906 882; baseline -0.003 -20"><span class='ocrx_word' id='word_1_22' title='bbox 171 804 264 862; x_wconf 86' lang='lat' dir='ltr'>Triste</span> <span class='ocrx_word' id='word_1_23' title='bbox 275 805 359 882; x_wconf 90' lang='lat' dir='ltr'>lupus</span> <span class='ocrx_word' id='word_1_24' title='bbox 372 804 495 875; x_wconf 88' lang='lat' dir='ltr'>stabulis,</span> <span class='ocrx_word' id='word_1_25' title='bbox 516 804 635 862; x_wconf 87' lang='lat' dir='ltr'>maturis</span> <span class='ocrx_word' id='word_1_26' title='bbox 649 804 779 880; x_wconf 84' lang='lat' dir='ltr'>frugibus</span> <span class='ocrx_word' id='word_1_27' title='bbox 792 803 906 871; x_wconf 87' lang='lat' dir='ltr'>imbres,</span> 
     </span>
    </p>

    <p class='ocr_par' dir='ltr' id='par_1_4' title="bbox 171 907 803 1074">
     <span class='ocr_line' id='line_1_7' title="bbox 171 907 803 984; baseline -0.002 -18"><span class='ocrx_word' id='word_1_28' title='bbox 171 907 330 966; x_wconf 81' lang='lat' dir='ltr'>Arboribus</span> <span class='ocrx_word' id='word_1_29' title='bbox 342 908 431 978; x_wconf 87' lang='lat' dir='ltr'>venti,</span> <span class='ocrx_word' id='word_1_30' title='bbox 451 907 533 966; x_wconf 84' lang='lat' dir='ltr'>nobis</span> <span class='ocrx_word' id='word_1_31' title='bbox 545 907 733 984; x_wconf 87' lang='lat' dir='ltr'>Amaryllidis</span> <span class='ocrx_word' id='word_1_32' title='bbox 745 907 803 965; x_wconf 86' lang='lat' dir='ltr'>irae.</span> 
     </span>
     <span class='ocr_line' id='line_1_8' title="bbox 476 1029 658 1074; baseline -0.011 -6"><span class='ocrx_word' id='word_1_33' title='bbox 476 1029 658 1074; x_wconf 68' lang='lat' dir='ltr'>⁴Meuancss.</span> 
     </span>
    </p>

    <p class='ocr_par' dir='ltr' id='par_1_5' title="bbox 172 1111 849 1188">
     <span class='ocr_line' id='line_1_9' title="bbox 172 1111 849 1188; baseline -0.003 -18"><span class='ocrx_word' id='word_1_34' title='bbox 172 1111 265 1170; x_wconf 88' lang='lat' dir='ltr'>Dulce</span> <span class='ocrx_word' id='word_1_35' title='bbox 275 1111 341 1169; x_wconf 86' lang='lat' dir='ltr'>satis</span> <span class='ocrx_word' id='word_1_36' title='bbox 354 1111 467 1180; x_wconf 91' lang='lat' dir='ltr'>humor,</span> <span class='ocrx_word' id='word_1_37' title='bbox 487 1112 608 1188; x_wconf 80' lang='lat' dir='ltr'>depulsis</span> <span class='ocrx_word' id='word_1_38' title='bbox 620 1114 737 1170; x_wconf 85' lang='lat' dir='ltr'>arbutus</span> <span class='ocrx_word' id='word_1_39' title='bbox 750 1111 849 1179; x_wconf 83' lang='lat' dir='ltr'>haedis,</span> 
     </span>
    </p>

    <p class='ocr_par' dir='ltr' id='par_1_6' title="bbox 172 1213 885 1290">
     <span class='ocr_line' id='line_1_10' title="bbox 172 1213 885 1290; baseline 0 -20"><span class='ocrx_word' id='word_1_40' title='bbox 172 1216 265 1271; x_wconf 85' lang='lat' dir='ltr'>Lenta</span> <span class='ocrx_word' id='word_1_41' title='bbox 278 1213 348 1272; x_wconf 80' lang='lat' dir='ltr'>salix</span> <span class='ocrx_word' id='word_1_42' title='bbox 361 1214 421 1272; x_wconf 88' lang='lat' dir='ltr'>feto</span> <span class='ocrx_word' id='word_1_43' title='bbox 433 1215 539 1290; x_wconf 79' lang='lat' dir='ltr'>pecori,</span> <span class='ocrx_word' id='word_1_44' title='bbox 559 1213 633 1270; x_wconf 90' lang='lat' dir='ltr'>mihi</span> <span class='ocrx_word' id='word_1_45' title='bbox 647 1213 721 1272; x_wconf 91' lang='lat' dir='ltr'>solus</span> <span class='ocrx_word' id='word_1_46' title='bbox 734 1216 885 1290; x_wconf 85' lang='lat' dir='ltr'>Amyntas.</span> 
     </span>
    </p>

    <p class='ocr_par' dir='ltr' id='par_1_7' title="bbox 242 1335 653 1397">
     <span class='ocr_line' id='line_1_11' title="bbox 242 1335 653 1397; baseline 0.005 -25"><span class='ocrx_word' id='word_1_47' title='bbox 242 1392 245 1397; x_wconf 21' lang='grc' dir='ltr'>Ι</span> <span class='ocrx_word' id='word_1_48' title='bbox 487 1335 653 1374; x_wconf 79' lang='lat' dir='ltr'>uaumras.</span> 
     </span>
    </p>

    <p class='ocr_par' dir='ltr' id='par_1_8' title="bbox 171 1417 969 1493">
     <span class='ocr_line' id='line_1_12' title="bbox 171 1417 969 1493; baseline -0.005 -17"><span class='ocrx_word' id='word_1_49' title='bbox 171 1418 262 1477; x_wconf 91' lang='lat' dir='ltr'>Pollio</span> <span class='ocrx_word' id='word_1_50' title='bbox 275 1428 352 1476; x_wconf 85' lang='lat' dir='ltr'>amat</span> <span class='ocrx_word' id='word_1_51' title='bbox 363 1419 494 1486; x_wconf 87' lang='lat' dir='ltr'>nostram,</span> <span class='ocrx_word' id='word_1_52' title='bbox 514 1417 643 1493; x_wconf 88' lang='lat' dir='ltr'>quamvis</span> <span class='ocrx_word' id='word_1_53' title='bbox 656 1418 696 1474; x_wconf 88' lang='lat' dir='ltr'>est</span> <span class='ocrx_word' id='word_1_54' title='bbox 708 1417 818 1486; x_wconf 87' lang='lat' dir='ltr'>rustica,</span> <span class='ocrx_word' id='word_1_55' title='bbox 831 1417 969 1476; x_wconf 86' lang='lat' dir='ltr'>Musam:</span> 
     </span>
    </p>

    <p class='ocr_par' dir='ltr' id='par_1_9' title="bbox 172 1501 784 1687">
     <span class='ocr_line' id='line_1_13' title="bbox 172 1501 784 1598; baseline -0.003 -20"><span class='ocrx_word' id='word_1_56' title='bbox 172 1521 305 1590; x_wconf 73' lang='lat' dir='ltr'>Pierides,</span> <span class='ocrx_word' id='word_1_57' title='bbox 324 1501 445 1578; x_wconf 68' lang='lat' dir='ltr'>inuram</span> <span class='ocrx_word' id='word_1_58' title='bbox 457 1520 555 1578; x_wconf 68' lang='lat' dir='ltr'>iseros</span> <span class='ocrx_word' id='word_1_59' title='bbox 568 1520 674 1598; x_wconf 82' lang='lat' dir='ltr'>pascite</span> <span class='ocrx_word' id='word_1_60' title='bbox 684 1520 784 1578; x_wconf 71' lang='lat' dir='ltr'>vestro.</span> 
     </span>
     <span class='ocr_line' id='line_1_14' title="bbox 472 1641 656 1687; baseline -0.011 -7"><span class='ocrx_word' id='word_1_61' title='bbox 472 1641 656 1687; x_wconf 72' lang='lat' dir='ltr'>,usuarcas</span> 
     </span>
    </p>

    <p class='ocr_par' dir='ltr' id='par_1_10' title="bbox 156 1709 1026 1904">
     <span class='ocr_line' id='line_1_15' title="bbox 156 1709 1026 1801; baseline 0.005 -18"><span class='ocrx_word' id='word_1_62' title='bbox 156 1763 157 1770; x_wconf 62' lang='lat'>.</span> <span class='ocrx_word' id='word_1_63' title='bbox 172 1725 261 1784; x_wconf 92' lang='lat' dir='ltr'>Pollio</span> <span class='ocrx_word' id='word_1_64' title='bbox 273 1733 303 1784; x_wconf 91' lang='lat' dir='ltr'>et</span> <span class='ocrx_word' id='word_1_65' title='bbox 315 1724 374 1801; x_wconf 90' lang='lat' dir='ltr'>ipse</span> <span class='ocrx_word' id='word_1_66' title='bbox 387 1724 457 1782; x_wconf 87' lang='lat' dir='ltr'>facit</span> <span class='ocrx_word' id='word_1_67' title='bbox 470 1743 543 1782; x_wconf 85' lang='lat' dir='ltr'>nova</span> <span class='ocrx_word' id='word_1_68' title='bbox 556 1724 698 1782; x_wconf 88' lang='lat' dir='ltr'>carmina:</span> <span class='ocrx_word' id='word_1_69' title='bbox 721 1725 828 1801; x_wconf 89' lang='lat' dir='ltr'>pascite</span> <span class='ocrx_word' id='word_1_70' title='bbox 841 1734 972 1796; x_wconf 85' lang='lat' dir='ltr'>taurum,</span> <span class='ocrx_word' id='word_1_71' title='bbox 1024 1709 1026 1716; x_wconf 34' lang='lat'><strong><em>¹</em></strong></span> 
     </span>
     <span class='ocr_line' id='line_1_16' title="bbox 171 1826 947 1904; baseline 0.003 -20"><span class='ocrx_word' id='word_1_72' title='bbox 171 1829 237 1904; x_wconf 90' lang='lat' dir='ltr'>Jam</span> <span class='ocrx_word' id='word_1_73' title='bbox 250 1845 339 1884; x_wconf 89' lang='lat' dir='ltr'>cornu</span> <span class='ocrx_word' id='word_1_74' title='bbox 351 1835 438 1903; x_wconf 88' lang='lat' dir='ltr'>petat,</span> <span class='ocrx_word' id='word_1_75' title='bbox 459 1836 489 1883; x_wconf 90' lang='lat' dir='ltr'>et</span> <span class='ocrx_word' id='word_1_76' title='bbox 502 1826 624 1902; x_wconf 82' lang='lat' dir='ltr'>pedibus</span> <span class='ocrx_word' id='word_1_77' title='bbox 634 1826 684 1902; x_wconf 93' lang='lat' dir='ltr'>qui</span> <span class='ocrx_word' id='word_1_78' title='bbox 697 1827 808 1903; x_wconf 82' lang='lat' dir='ltr'>spargat</span> <span class='ocrx_word' id='word_1_79' title='bbox 820 1847 947 1886; x_wconf 89' lang='lat' dir='ltr'>arenam.</span> 
     </span>
    </p>

    <p class='ocr_par' dir='ltr' id='par_1_11' title="bbox 488 1948 654 1990">
     <span class='ocr_line' id='line_1_17' title="bbox 488 1948 654 1990; baseline -0.03 0"><span class='ocrx_word' id='word_1_80' title='bbox 488 1948 654 1990; x_wconf 76' lang='lat' dir='ltr'>nsumrrs.</span> 
     </span>
    </p>
   </div>
   <div class='ocr_carea' id='block_1_3' title="bbox 171 1992 1074 2211">
    <p class='ocr_par' dir='ltr' id='par_1_12' title="bbox 171 1992 1074 2211">
     <span class='ocr_line' id='line_1_18' title="bbox 172 1992 1074 2114; baseline 0 -26"><span class='ocrx_word' id='word_1_81' title='bbox 172 1992 235 2088; x_wconf 67' lang='lat' dir='ltr'>(sui</span> <span class='ocrx_word' id='word_1_82' title='bbox 243 2040 281 2098; x_wconf 88' lang='lat' dir='ltr'>te,</span> <span class='ocrx_word' id='word_1_83' title='bbox 294 2032 393 2100; x_wconf 88' lang='lat' dir='ltr'>Pollio,</span> <span class='ocrx_word' id='word_1_84' title='bbox 405 2041 490 2100; x_wconf 87' lang='lat' dir='ltr'>amat,</span> <span class='ocrx_word' id='word_1_85' title='bbox 504 2032 610 2101; x_wconf 88' lang='lat' dir='ltr'>veniat,</span> <span class='ocrx_word' id='word_1_86' title='bbox 619 2050 676 2106; x_wconf 92' lang='lat' dir='ltr'>quo</span> <span class='ocrx_word' id='word_1_87' title='bbox 685 2040 713 2088; x_wconf 88' lang='lat' dir='ltr'>te</span> <span class='ocrx_word' id='word_1_88' title='bbox 721 2050 834 2107; x_wconf 85' lang='lat' dir='ltr'>quoquo</span> <span class='ocrx_word' id='word_1_89' title='bbox 843 2034 970 2114; x_wconf 82' lang='lat' dir='ltr'>gaudet:</span> <span class='ocrx_word' id='word_1_90' title='bbox 1069 2059 1074 2068; x_wconf 92' lang='lat'>·</span> 
     </span>
     <span class='ocr_line' id='line_1_19' title="bbox 171 2133 926 2211; baseline 0.001 -20"><span class='ocrx_word' id='word_1_91' title='bbox 171 2133 260 2191; x_wconf 84' lang='lat' dir='ltr'>Mella</span> <span class='ocrx_word' id='word_1_92' title='bbox 273 2133 366 2196; x_wconf 80' lang='lat' dir='ltr'>fluant</span> <span class='ocrx_word' id='word_1_93' title='bbox 379 2133 432 2202; x_wconf 94' lang='lat' dir='ltr'>illi,</span> <span class='ocrx_word' id='word_1_94' title='bbox 453 2134 527 2192; x_wconf 84' lang='lat' dir='ltr'>serat</span> <span class='ocrx_word' id='word_1_95' title='bbox 537 2142 567 2190; x_wconf 90' lang='lat' dir='ltr'>et</span> <span class='ocrx_word' id='word_1_96' title='bbox 580 2136 667 2191; x_wconf 90' lang='lat' dir='ltr'>rubus</span> <span class='ocrx_word' id='word_1_97' title='bbox 679 2134 759 2211; x_wconf 88' lang='lat' dir='ltr'>asper</span> <span class='ocrx_word' id='word_1_98' title='bbox 769 2151 926 2192; x_wconf 80' lang='lat' dir='ltr'>amomum.</span> 
     </span>
    </p>
   </div>
   <div class='ocr_carea' id='block_1_4' title="bbox 106 2255 968 3229">
    <p class='ocr_par' dir='ltr' id='par_1_13' title="bbox 106 2255 968 3229">
     <span class='ocr_line' id='line_1_20' title="bbox 483 2255 656 2293; baseline 0.006 -1"><span class='ocrx_word' id='word_1_99' title='bbox 483 2255 656 2293; x_wconf 66' lang='lat' dir='ltr'>assuescas.</span> 
     </span>
     <span class='ocr_line' id='line_1_21' title="bbox 172 2337 958 2411; baseline 0.001 -17"><span class='ocrx_word' id='word_1_100' title='bbox 172 2337 234 2394; x_wconf 78' lang='lat' dir='ltr'>oui</span> <span class='ocrx_word' id='word_1_101' title='bbox 247 2338 367 2396; x_wconf 86' lang='lat' dir='ltr'>Bavium</span> <span class='ocrx_word' id='word_1_102' title='bbox 381 2356 439 2394; x_wconf 91' lang='lat' dir='ltr'>non</span> <span class='ocrx_word' id='word_1_103' title='bbox 453 2337 524 2405; x_wconf 91' lang='lat' dir='ltr'>odit,</span> <span class='ocrx_word' id='word_1_104' title='bbox 545 2347 620 2395; x_wconf 90' lang='lat' dir='ltr'>amet</span> <span class='ocrx_word' id='word_1_105' title='bbox 633 2347 682 2396; x_wconf 91' lang='lat' dir='ltr'>tua</span> <span class='ocrx_word' id='word_1_106' title='bbox 694 2339 829 2406; x_wconf 87' lang='lat' dir='ltr'>carmina,</span> <span class='ocrx_word' id='word_1_107' title='bbox 849 2339 958 2411; x_wconf 51' lang='grc' dir='ltr'><strong><em>Μηνὶ,</em></strong></span> 
     </span>
     <span class='ocr_line' id='line_1_22' title="bbox 146 2438 894 2516; baseline -0.003 -16"><span class='ocrx_word' id='word_1_108' title='bbox 146 2438 148 2444; x_wconf 71' lang='grc'>’</span> <span class='ocrx_word' id='word_1_109' title='bbox 169 2442 269 2516; x_wconf 89' lang='lat' dir='ltr'>Atque</span> <span class='ocrx_word' id='word_1_110' title='bbox 280 2439 357 2498; x_wconf 90' lang='lat' dir='ltr'>idem</span> <span class='ocrx_word' id='word_1_111' title='bbox 366 2438 470 2516; x_wconf 82' lang='lat' dir='ltr'>jungat</span> <span class='ocrx_word' id='word_1_112' title='bbox 483 2439 590 2515; x_wconf 90' lang='lat' dir='ltr'>vulpes,</span> <span class='ocrx_word' id='word_1_113' title='bbox 610 2449 642 2497; x_wconf 89' lang='lat' dir='ltr'>et·</span> <span class='ocrx_word' id='word_1_114' title='bbox 652 2440 779 2516; x_wconf 85' lang='lat' dir='ltr'>mulgeat</span> <span class='ocrx_word' id='word_1_115' title='bbox 791 2440 894 2498; x_wconf 93' lang='lat' dir='ltr'>hircos.</span> 
     </span>
     <span class='ocr_line' id='line_1_23' title="bbox 487 2562 652 2602; baseline -0.006 -1"><span class='ocrx_word' id='word_1_116' title='bbox 487 2562 652 2602; x_wconf 72' lang='lat' dir='ltr'>paraturas.</span> 
     </span>
     <span class='ocr_line' id='line_1_24' title="bbox 171 2645 834 2722; baseline 0.002 -20"><span class='ocrx_word' id='word_1_117' title='bbox 171 2646 234 2704; x_wconf 75' lang='lat' dir='ltr'>Qui</span> <span class='ocrx_word' id='word_1_118' title='bbox 246 2646 341 2722; x_wconf 87' lang='lat' dir='ltr'>legitis</span> <span class='ocrx_word' id='word_1_119' title='bbox 353 2646 436 2704; x_wconf 88' lang='lat' dir='ltr'>flores</span> <span class='ocrx_word' id='word_1_120' title='bbox 448 2655 477 2702; x_wconf 89' lang='lat' dir='ltr'>et</span> <span class='ocrx_word' id='word_1_121' title='bbox 488 2645 571 2722; x_wconf 86' lang='lat' dir='ltr'>humi</span> <span class='ocrx_word' id='word_1_122' title='bbox 583 2645 726 2703; x_wconf 88' lang='lat' dir='ltr'>nascentia</span> <span class='ocrx_word' id='word_1_123' title='bbox 739 2646 834 2722; x_wconf 79' lang='lat' dir='ltr'>fraga,</span> 
     </span>
     <span class='ocr_line' id='line_1_25' title="bbox 106 2741 968 2826; baseline 0 -20"><span class='ocrx_word' id='word_1_124' title='bbox 106 2741 110 2748; x_wconf 54' lang='lat'><strong><em>¹</em></strong></span> <span class='ocrx_word' id='word_1_125' title='bbox 169 2749 309 2826; x_wconf 88' lang='lat' dir='ltr'>Frigidus,</span> <span class='ocrx_word' id='word_1_126' title='bbox 330 2768 347 2805; x_wconf 96' lang='lat' dir='ltr'>o</span> <span class='ocrx_word' id='word_1_127' title='bbox 365 2747 459 2824; x_wconf 88' lang='lat' dir='ltr'>pueril</span> <span class='ocrx_word' id='word_1_128' title='bbox 494 2748 588 2824; x_wconf 87' lang='lat' dir='ltr'>sugite</span> <span class='ocrx_word' id='word_1_129' title='bbox 608 2747 685 2819; x_wconf 89' lang='lat' dir='ltr'>hinc,</span> <span class='ocrx_word' id='word_1_130' title='bbox 705 2747 777 2806; x_wconf 87' lang='lat' dir='ltr'>latet</span> <span class='ocrx_word' id='word_1_131' title='bbox 803 2749 905 2824; x_wconf 86' lang='lat' dir='ltr'>anguis</span> <span class='ocrx_word' id='word_1_132' title='bbox 932 2749 968 2806; x_wconf 77' lang='lat' dir='ltr'>irs</span> 
     </span>
     <span class='ocr_line' id='line_1_26' title="bbox 247 2851 411 2909; baseline 0.006 -1"><span class='ocrx_word' id='word_1_133' title='bbox 247 2851 344 2908; x_wconf 74' lang='lat' dir='ltr'>herus.</span> <span class='ocrx_word' id='word_1_134' title='bbox 409 2903 411 2909; x_wconf 86' lang='lat'>.</span> 
     </span>
     <span class='ocr_line' id='line_1_27' title="bbox 482 2970 655 3008; baseline 0.006 -1"><span class='ocrx_word' id='word_1_135' title='bbox 482 2970 655 3008; x_wconf 69' lang='lat' dir='ltr'>assuescas.</span> 
     </span>
     <span class='ocr_line' id='line_1_28' title="bbox 172 3052 953 3132; baseline 0.003 -22"><span class='ocrx_word' id='word_1_136' title='bbox 172 3053 289 3120; x_wconf 86' lang='lat' dir='ltr'>Parcite,</span> <span class='ocrx_word' id='word_1_137' title='bbox 309 3072 381 3122; x_wconf 84' lang='lat' dir='ltr'>oves,</span> <span class='ocrx_word' id='word_1_138' title='bbox 402 3052 526 3110; x_wconf 87' lang='lat' dir='ltr'>nimium</span> <span class='ocrx_word' id='word_1_139' title='bbox 538 3053 687 3127; x_wconf 87' lang='lat' dir='ltr'>procedere</span> <span class='ocrx_word' id='word_1_140' title='bbox 695 3077 704 3122; x_wconf 90' lang='lat'>;</span> <span class='ocrx_word' id='word_1_141' title='bbox 725 3072 783 3110; x_wconf 91' lang='lat' dir='ltr'>non</span> <span class='ocrx_word' id='word_1_142' title='bbox 796 3055 870 3112; x_wconf 89' lang='lat' dir='ltr'>bene</span> <span class='ocrx_word' id='word_1_143' title='bbox 881 3055 953 3132; x_wconf 81' lang='lat' dir='ltr'>ripae</span> 
     </span>
     <span class='ocr_line' id='line_1_29' title="bbox 172 3153 892 3229; baseline 0.007 -19"><span class='ocrx_word' id='word_1_144' title='bbox 172 3153 321 3210; x_wconf 85' lang='lat' dir='ltr'>Creditur:</span> <span class='ocrx_word' id='word_1_145' title='bbox 343 3153 402 3229; x_wconf 92' lang='lat' dir='ltr'>ipse</span> <span class='ocrx_word' id='word_1_146' title='bbox 415 3153 485 3214; x_wconf 86' lang='lat' dir='ltr'>aries</span> <span class='ocrx_word' id='word_1_147' title='bbox 497 3153 584 3212; x_wconf 88' lang='lat' dir='ltr'>etiam</span> <span class='ocrx_word' id='word_1_148' title='bbox 596 3171 672 3228; x_wconf 85' lang='lat' dir='ltr'>nunc</span> <span class='ocrx_word' id='word_1_149' title='bbox 684 3155 787 3222; x_wconf 80' lang='lat' dir='ltr'>vellera</span> <span class='ocrx_word' id='word_1_150' title='bbox 799 3155 892 3215; x_wconf 77' lang='lat' dir='ltr'>siccat.</span> 
     </span>
    </p>
   </div>
   <div class='ocr_carea' id='block_1_5' title="bbox 0 0 1102 3584">
    <p class='ocr_par' dir='ltr' id='par_1_14' title="bbox 0 0 1102 3584">
     <span class='ocr_line' id='line_1_30' title="bbox 0 0 1102 3584; baseline 0 2"><span class='ocrx_word' id='word_1_151' title='bbox 0 0 1102 3584; x_wconf 95' lang='lat' dir='ltr'> </span> 
     </span>
    </p>
   </div>
  </div>
 </body>
</html>
