2194 3584
140 229 245 281 utres
447 214 624 277 L.113.'11.
693 219 695 224 ·
893 217 931 283 rz

142 377 281 446 Creditur,
300 375 460 450 incultique
473 381 585 432 exercet
598 391 664 430 cure
677 367 777 429 salicti.
794 368 798 376 '

143 481 210 557 Jam
221 478 324 536 vinstas
336 478 423 536 vites:
442 475 503 552 jam
516 476 620 534 falcem
634 474 744 532 arbusta
757 476 897 547 reponunt
902 491 911 540 3
925 512 931 519 .

144 583 209 658 Jam
221 580 299 638 canit
311 588 452 638 extremos
464 577 566 636 effetus
578 577 683 636 vinitor
695 583 788 634 antes:

144 682 326 740 Sollicitando
339 691 434 738 tamen
447 681 538 748 tellus,
557 678 705 756 pulvisque
716 675 915 747 movendus,

144 783 201 842 Et
190 804 250 860 Jam
262 783 380 842 maturis
392 784 560 840 metuendus
572 781 703 858 Juppiter
714 778 787 836 uvis.

184 887 299 955 Contra,
315 878 373 942 non
385 885 444 942 ulla
456 885 496 941 est
508 884 578 942 oleis
590 883 712 952 cultura,
734 897 826 955 neque
837 874 934 935 illae

146 990 314 1054 Procurvam
326 985 488 1062 exspettant
499 977 604 1042 falcem
615 983 768 1057 rastrosque
782 991 901 1050 tenaces,
923 1008 925 1014 ¹
990 1005 994 1012 ¹

147 1091 248 1148 Quum
260 1089 346 1146 semel
358 1088 498 1146 haeserunt
509 1087 591 1155 arvis,
611 1103 747 1161 aurasque
759 1084 895 1142 tulerunt.

145 1194 208 1271 Ipsa
222 1193 286 1250 satis
299 1192 391 1260 tellus,
410 1211 499 1267 quum
512 1192 597 1248 dente
609 1189 763 1248 recluditur
776 1206 858 1255 unco,

147 1294 258 1353 Sufficit
270 1295 428 1363 humorem,
446 1302 475 1350 et
487 1293 615 1370 gravidas
627 1311 694 1350 curn
706 1309 818 1350 vomere
830 1289 935 1367 fruges.

146 1397 211 1456 Hoc
224 1375 370 1473 pinguem,
383 1404 412 1453 et
424 1395 560 1472 placitam
571 1395 645 1464 Paci,
659 1393 781 1452 nutritor
793 1392 907 1450 olivam.
931 1431 936 1438 ·

185 1501 271 1558 Poma
291 1517 413 1574 quoque,
433 1506 466 1555 ut
484 1499 742 1574 primumtruncos
762 1494 869 1552 sensere
886 1487 935 1552 vass

261 1601 355 1668 lentis,

146 1705 185 1761 Et
195 1703 268 1761 vires
279 1702 404 1760 habuere
416 1703 486 1772 suas,
507 1703 543 1758 ad
555 1702 641 1760 sidera
651 1700 756 1776 raptim

146 1805 186 1863 Vi
199 1804 311 1881 proprii
323 1801 463 1871 nituntur,
483 1790 601 1878 opisque
616 1803 692 1860 haud
704 1801 801 1878 indiga
815 1799 938 1858 nostrae.

168 1908 250 1970 Nec
263 1907 357 1964 minus
370 1906 477 1963 interea
490 1905 553 1962 fetu
565 1922 664 1963 nemus
676 1923 761 1962 ornne
772 1903 918 1980 gravescit,

108 1991 112 2002 ⁸
149 2007 373 2084 Sanguineisque
385 2007 492 2064 inculta
505 2009 608 2064 rubent
621 2007 725 2066 aviaria
738 1999 840 2064 baccis.

39 2192 43 2202 1
147 2111 316 2170 Tondentur
328 2109 418 2186 cytisi,
438 2110 523 2166 taedas
537 2109 602 2168 srlva
617 2110 672 2167 alta
684 2108 833 2178 ministrat,

148 2211 358 2287 Pascunturque
370 2211 451 2287 ignes
465 2211 605 2279 noeturni,
620 2221 649 2267 et
661 2211 770 2269 lumina
782 2206 938 2268 fundunt(⁴

103 2369 105 2374 .
149 2317 187 2372 Et
205 2313 338 2374 dubitant
354 2313 482 2371 homines
498 2312 596 2390 serere,
616 2322 703 2388 atque
719 2313 874 2390 inpendere
887 2331 939 2372 cu·

225 2419 303 2474 ram?
433 2408 436 2413 ’

150 2517 231 2576 Ouid
245 2515 350 2592 majora
367 2515 484 2591 sequar?
506 2515 601 2574 salices
618 2515 796 2592 humilesque
809 2515 938 2591 genestae,

149 2623 213 2677 Aut
225 2619 283 2679 illae
294 2618 389 2696 pecori
401 2619 541 2686 frondem,
561 2629 610 2676 aut
622 2619 777 2696 pastoribus
789 2622 905 2678 umbras

150 2721 315 2793 Sufficiunt3
337 2721 495 2796 saepemque
507 2720 582 2790 satis,
601 2730 630 2778 et
643 2698 745 2797 pabula
758 2721 852 2779 melli:
902 2712 905 2718 ’
937 2755 940 2760 -

151 2825 188 2881 Et
196 2823 278 2899 juvat
290 2823 446 2880 undantem
458 2824 535 2880 buxo
547 2821 669 2899 spesiare
682 2823 830 2905 Cytorum3
930 2831 933 2834 '

151 2926 182 2984 N
184 2923 341 3001 aryciaeque
353 2924 423 3000 picis
436 2924 514 2982 lucos
521 2947 529 2996 3
547 2923 629 3000 juvat
641 2942 706 2982 arua
721 2925 815 2982 videre

152 3029 220 3086 Non
234 3026 334 3096 rastris,
353 3025 504 3084 hominurn
517 3043 575 3083 non
587 3025 640 3085 ulli
653 3026 775 3084 obnoxia
788 3044 870 3084 curae.
937 3065 943 3071 -

153 3129 224 3205 Ipsae
236 3127 370 3192 Caucasio
383 3128 487 3188 steriles
500 3128 531 3186 in
544 3127 648 3189 vertice
660 3127 743 3198 silve,
819 3187 828 3197 ,
908 3112 941 3172 '¹2
