2236 3584
161 207 274 264 auro.
483 205 649 286 CLRIS.
912 216 963 266 151

167 361 295 420 Auribus
308 359 427 418 adferitis
440 362 576 420 noeturna
590 361 700 420 filentia
714 369 819 420 tentatr

167 463 312 540 Et‘preffia
326 473 440 522 tenuem
456 463 625 540 singultibus
638 466 702 522 aira
714 473 820 540 captat.

167 564 254 632 Tum,
268 563 397 640 suspensa
410 565 505 622 levans
518 565 619 642 digitis¹
629 565 745 641 vestigia
758 565 868 642 primia,
954 598 958 610 ι

167 665 321 742 Egreditur
325 689 334 738 3
355 666 486 741 ferroque
498 685 599 724 manus
612 677 720 726 armata
733 667 846 724 bidenti

167 767 283 826 Evolat:
306 776 336 826 at
348 768 472 844 dempta
484 768 577 825 subita
589 769 620 826 in
634 769 788 826 formidine
801 769 883 828 vires.

168 869 310 928 caeruleas
323 869 372 928 sua
387 871 463 928 furta
476 870 553 946 prius
565 870 681 928 testatur
691 872 726 930 ad
738 873 864 931 umbras.

167 971 255 1041 Nam,
276 972 333 1046 qui
346 971 374 1028 se
388 973 424 1029 ad
436 971 562 1048 patrium
575 974 711 1046 tendebat
724 973 823 1030 semita
836 973 936 1042 limen,
956 979 959 988 “

167 1073 316 1131 Vestibulo
328 1073 361 1130 in
374 1074 492 1135 thalami
509 1076 629 1150 paulum
641 1085 811 1146 remoratum
833 1085 863 1132 et
875 1075 967 1134 altum

169 1175 291 1252 Suspicit
298 1177 339 1234 ad
352 1176 424 1234 culti
437 1175 574 1234 nicianria
588 1176 675 1234 fidera
687 1176 798 1244 mundi,

164 1278 237 1342 Non
250 1279 368 1354 adcepta
381 1278 436 1355 piis
448 1278 617 1354 promittens
629 1298 748 1337 munera
762 1279 844 1338 divis.
935 1329 938 1336 .

169 1381 268 1438 Quam
281 1380 372 1450 fimul‚
393 1379 504 1458 Ogygii
518 1381 658 1438 Phoenicis
671 1380 739 1448 filia,
760 1382 865 1456 Carme
957 1397 962 1424 ²

169 1483 288 1558 Surgere
303 1482 386 1540 seusu
399 1502 483 1552 auum
504 1483 629 1541 sonitum
642 1503 709 1540 nam
723 1484 829 1540 fecerat
840 1482 885 1540 illi
956 1501 958 1506 ·

168 1585 334 1642 Marmorea
345 1595 446 1642 aeratus
460 1585 577 1642 stridens
589 1584 621 1642 in
631 1585 731 1642 limine
744 1587 829 1642 cardo
834 1610 844 1656 5
959 1634 961 1640 ,

169 1687 301 1763 Conripit
313 1689 458 1764 extemplo
471 1686 570 1744 seffam
582 1686 718 1762 languore
731 1687 874 1763 puellam:
957 1711 961 1748 ·.

168 1789 206 1846 Et
220 1789 312 1856 fimul‚
332 1789 444 1846 onobis
457 1787 567 1846 sacrum
580 1798 674 1864 caput,
695 1789 800 1863 inquit,
820 1787 956 1850 alumna!

168 1891 307 1948 Noutibi
319 1891 513 1967 nequidquam
526 1890 623 1948 viridis
635 1908 686 1965 per
699 1888 802 1947 viscera
815 1891 908 1965 pallor
955 1915 961 1934 ¹

168 1993 306 2069 AEgrqtaa
319 1993 400 2050 tenui
414 1991 532 2050 suffudit
544 1991 682 2068 sanguine
695 2009 796 2060 venam

168 2095 233 2153 Nec
246 2095 325 2162 levis,
343 2093 397 2152 hou
410 2095 516 2154 faceres
530 2098 636 2172 (neque
649 2093 727 2150 enim
739 2095 818 2171 pote)
839 2112 907 2172 cura
920 2093 966 2152 su·

246 2197 340 2274 begit:
791 2246 792 2254 ,

99 2365 105 2378 ,
166 2301 256 2361 Haud
269 2301 362 2369 fallor,
382 2301 460 2376 quod
473 2299 608 2377 topatius
618 2299 790 2358 Rhamnusia
803 2299 885 2358 fallit.
959 2357 961 2361 .

163 2403 247 2470 -Nam
260 2403 316 2478 qua
330 2413 359 2460 te
371 2403 529 2476 caussalnec
542 2404 633 2460 dulcis
645 2402 746 2480 poeula
759 2401 874 2472 Bacchi,
954 2443 957 2450 .

168 2504 233 2562 Nec
246 2505 377 2580 gravidos
388 2505 497 2563 Cereris
510 2505 604 2562 dicam
616 2503 782 2579 contingere
794 2503 886 2560 fetus?

169 2605 239 2664 Qua
251 2606 344 2664 caussii
356 2607 392 2664 ad
405 2606 529 2682 patrium
543 2605 631 2664 solam
644 2605 763 2682 vigilare
776 2603 879 2671 cubile,
906 2595 935 2631 's
955 2621 970 2682 ’χ

167 2710 310 2785 Tempore
322 2729 379 2784 quo
392 2707 473 2766 feffas
486 2708 614 2766 mortalia
626 2707 739 2782 periura
751 2724 841 2772 curas,

85 2849 88 2862 .
170 2811 239 2868 Quo
250 2811 362 2887 rapidos
375 2811 462 2868 etiam
475 2809 654 2886 requiescunt
667 2807 788 2865 flumina
801 2807 913 2864 cursus?

167 2912 226 2974 Dic
238 2932 292 2990 age
304 2931 381 2970 nunc
394 2912 502 2970 miserae
515 2911 624 2978 saltem,
645 2909 712 2985 quid
730 2909 803 2986 saepe
815 2908 925 2987 petenti

164 3016 288 3092 jurabas
301 3014 374 3072 nihil
387 3013 442 3072 effe
454 3013 537 3082 mihi,
556 3031 622 3070 cum
636 3012 730 3070 maesta
743 3009 868 3087 parentia

169 3117 318 3178 Formosae.
327 3117 436 3176 circum
448 3115 530 3194 virgo
542 3131 682 3182 morerere
694 3113 827 3210 capillos?
897 3105 909 3196 J
959 3169 964 3176 .
