2236 3584
172 221 228 270 na
402 215 735 286 osonorcon‚
860 220 974 284 v·177·÷·

172 367 322 444 Cecropias
335 369 451 429 innatus
463 389 529 449 apes
541 391 622 430 amor
634 378 738 450 urguet
751 369 891 436 habendi,

171 471 295 529 Munere
309 491 452 548 quamque
464 474 523 532 suo.
556 473 721 532 Grandaevis
735 470 838 548 oppida
851 489 938 539 curae,
957 553 960 560 Ι

171 573 209 630 Et
222 574 334 631 munire
346 575 433 643 favos,
452 567 482 634 et
495 577 604 634 daedala
615 576 726 652 fingere
740 573 826 632 testa:

170 677 213 734 At
226 677 301 736 sessae
314 678 405 734 mults
419 679 548 736 referunt
560 679 589 736 se
603 679 684 736 noste
697 677 830 744 minores,

171 777 262 836 Crura
276 779 376 854 thymo
388 779 495 854 plena,
517 780 670 856 pascuntur
682 789 711 838 et
725 781 825 836 arbuta
837 777 948 854 pasiim,
962 827 964 831 .

170 880 209 937 Et
225 880 338 956 glaucas
354 880 460 952 salices,
477 870 649 958 cusamque,
670 899 843 956 crocumque
861 883 968 938 ruben·

249 991 316 1052 tem,

171 1085 208 1142 Et
221 1084 360 1160 pinguem
373 1085 475 1154 tiliam,
495 1095 525 1144 et
539 1087 716 1163 ferrugineos
728 1086 908 1162 hyacinthos.

170 1187 315 1246 Omnibus
327 1207 384 1246 una
398 1188 478 1264 quies
496 1207 623 1264 operum,
644 1189 725 1246 labor
737 1188 870 1246 omnibus
883 1207 968 1246 unus.
1004 1185 1009 1192 ’
1103 1191 1104 1200 ³

171 1289 260 1346 Mane
267 1299 355 1346 ruunt
362 1290 451 1366 portis
456 1315 465 1360 3
481 1289 620 1366 nusquam
630 1309 708 1349 mora
717 1313 732 1346 :·
741 1289 846 1358 rursus,
855 1289 970 1348 easdem

171 1391 279 1467 Vesper
290 1392 341 1449 ubi
354 1411 371 1448 e
383 1393 462 1468 pastu
476 1394 591 1450 tandem
604 1373 739 1450 decedere
752 1391 860 1467 campis
1103 1363 1104 1440 i

171 1493 342 1564 Admonuit,
356 1504 418 1552 tum
431 1495 504 1552 testa
519 1503 630 1571 petunt,
646 1504 709 1552 tum
722 1513 837 1570 corpora
852 1503 966 1566 curant,

114 1607 116 1614 '
170 1595 217 1653 Fit
230 1595 345 1665 sonitus,
365 1597 545 1672 mussantque
558 1615 621 1654 oras
633 1605 664 1654 et
674 1597 776 1656 limina
789 1597 908 1656 circum.

170 1697 241 1768 Post,
261 1698 312 1756 ubi
320 1697 380 1775 jam
396 1698 527 1756 thalamis
539 1698 569 1756 se
582 1698 762 1774 conposuere,
783 1698 881 1756 siletur
982 1733 985 1742 ι

169 1801 203 1857 In
218 1800 340 1871 noctem,
361 1800 499 1877 fessosque
510 1799 592 1877 sopor
605 1800 671 1858 suus
684 1809 809 1876 occupat
821 1809 908 1860 artus.

207 1903 237 1960 N
239 1922 273 1960 ec
286 1921 352 1960 vero
366 1923 381 1960 a
395 1902 518 1978 stabulis,
530 1902 627 1978 pluvii
638 1903 823 1978 inpendente,
831 1903 971 1960 recedunt.

168 2005 305 2082 Longius,
319 2014 369 2062 aut
382 2006 502 2062 credunt
516 2004 588 2062 coelo
602 2003 825 2062 adventantibus
838 2005 921 2062 Euris
926 2029 935 2076 3
969 2055 972 2060 .

166 2107 223 2166 Sed
235 2107 345 2164 circum
358 2116 429 2164 tutae
441 2105 493 2163 sub
505 2105 648 2164 moenibus
662 2105 739 2162 urbis
752 2115 902 2180 aquantur,

169 2209 366 2285 Encursusque
379 2208 472 2266 brevis
486 2217 608 2274 tentant,
628 2216 657 2264 et
670 2206 742 2283 saepe
756 2207 877 2282 lapillos,

168 2312 213 2368 Ut
225 2313 336 2386 cymbae
346 2309 489 2368 instabiles
502 2310 593 2366 flustu
603 2307 731 2385 jasiante
744 2308 900 2377 saburram,

168 2412 304 2481 Tollunt;
325 2412 370 2469 his
383 2411 440 2468 sese
453 2429 504 2488 per
516 2410 612 2468 inania
627 2411 725 2468 nubila
738 2411 854 2470 librant.

137 2553 141 2562 ι
208 2515 296 2572 Illum
308 2515 379 2572 adeo
393 2513 528 2591 placuisse
541 2514 641 2589 apibus
655 2513 794 2570 mirabere
807 2533 926 2584 morem,

169 2619 257 2676 Quod
270 2636 322 2674 nec
335 2616 492 2674 concubitu
501 2615 664 2690 indulgent,
677 2633 729 2672 nec
740 2635 856 2692 corpora
867 2617 968 2694 segnes

168 2720 204 2776 In
217 2720 361 2784 Venerem
373 2717 495 2786 solvunt,
516 2726 565 2774 aut
578 2717 654 2774 fetus
667 2717 782 2802 nixibus
794 2720 899 2791 edunt,
969 2778 972 2782 ,

168 2822 278 2878 Verum
291 2819 359 2896 ipsae
370 2839 386 2876 e
398 2819 475 2877 soliis
488 2827 568 2876 natos
582 2827 612 2874 et
624 2817 760 2876 suavibus
772 2819 868 2877 herbis
968 2878 972 2883 ,
1019 2872 1024 2880 ,

168 2923 228 2980 Ore
240 2923 356 2999 legunt,
377 2922 445 2998 ipsae
458 2941 555 2998 regem
568 2939 725 2997 parvosque
741 2923 871 2982 Quirites

167 3024 335 3082 Sufficiunt:
358 3025 502 3100 aulasque,
514 3033 544 3078 et
557 3041 636 3079 cerea
650 3041 747 3098 regna,
761 3024 917 3102 refinguut.

166 3126 245 3202 Saepe
258 3125 345 3212 etiarn
358 3127 435 3186 duris
448 3127 567 3184 errando
581 3125 611 3210 in
626 3123 737 3186 cotibus
750 3127 807 3204 alas

250 3480 396 3552 A
