2194 3584
170 182 231 266 ss
403 205 730 278 oaouorcou,
858 217 963 269 urso.

169 362 217 420 Ne'
229 362 347 421 subeant
359 362 462 433 herbae,
482 383 538 422 neu
550 365 667 442 pulvere
678 364 754 424 vitta
766 360 893 422 fatiscat:

168 465 246 523 'Ium
257 465 342 524 variae
354 461 486 524 inludant
498 468 599 543 pestesr
622 467 694 544 saepe
706 465 828 542 exiguus
840 483 903 524 mus

168 568 227 626 Sub
241 568 321 625 terris
333 568 482 644 posuitque
495 570 593 626 domos
605 569 692 644 atque
704 568 804 626 horrea
817 567 900 640 fecit;

168 669 231 726 Aut
243 669 333 728 oculis
346 671 423 747 capti
435 671 532 742 fodere
545 671 651 729 cubilia
665 671 762 747 talpae3

90 751 93 756 ¹
168 771 360 850 inventusque
372 772 448 832 eavis
461 775 540 843 buso,
561 784 591 832 et
603 793 668 850 quae
680 773 804 851 plurima
817 783 900 832 terrae

168 874 296 932 Monstra
312 871 420 948 strunt,
441 877 615 954 populatque
626 875 775 954 ingentem
790 877 871 936 sanis
884 895 962 935 acera

246 995 316 1034 vum

169 1079 313 1150 Curculio,
327 1088 413 1155 atque
424 1080 505 1157 inopi
516 1088 646 1138 metuens
660 1075 781 1138 formica
794 1078 922 1138 seneaae.

208 1183 424 1260 Contemplator
434 1183 515 1253 item,
534 1201 624 1258 quum
637 1183 667 1240 se
678 1201 738 1240 nux
751 1182 874 1259 plurima
888 1182 963 1240 filvis

167 1283 272 1340 induet
284 1284 316 1340 in
329 1285 439 1354 florem,
459 1293 489 1341 et
501 1304 593 1343 ramos
606 1285 736 1342 curvabit
748 1285 866 1342 olentis:

169 1385 198 1442 Si
211 1385 343 1462 superant
356 1387 440 1457 fetus,
460 1387 565 1463 pariter
577 1387 721 1444 frumenta
734 1387 897 1462 sequentur,

168 1487 334 1564 Magnaque
346 1507 413 1546 cum
425 1507 530 1565 magno
542 1488 639 1546 veniet
653 1489 754 1546 tritura
767 1489 875 1546 calore:

168 1591 219 1658 At,
239 1590 260 1647 s1
271 1589 383 1662 luxurii
396 1589 533 1649 soliorum
545 1594 684 1648 exuberat
695 1595 807 1660 umbra,

167 1693 372 1770 Nequidquam
383 1694 500 1771 pinguis
512 1695 593 1771 palei
605 1702 678 1752 teret
689 1713 753 1752 area
766 1694 884 1753 cuhnos.

169 1795 282 1853 Semina
294 1795 354 1854 vidi
366 1797 499 1873 equidem
512 1797 617 1854 multos
630 1797 771 1856 medicare
784 1796 916 1869 serentes,

167 1897 206 1955 Et
218 1896 294 1956 nitro
305 1899 384 1974 prius
397 1908 426 1956 et
439 1899 522 1974 nigra
534 1899 707 1974 persuadere
720 1902 851 1970 amurca3
926 1885 929 1892 ⁴

167 1999 310 2058 Grandior
322 2010 355 2057 ut
367 2001 442 2058 setus
455 1999 562 2076 siliquis
578 1999 726 2058 fallacibus
740 2001 821 2058 esset:

166 2103 219 2171 At,
239 2102 368 2179 quamvis
380 2102 442 2177 igni
454 2102 561 2178 exiguo
573 2102 722 2178 properata
735 2103 892 2172 maderent,

165 2203 236 2262 Vidi
247 2204 319 2261 leda
332 2204 392 2272 diu,
411 2212 440 2260 et
453 2203 546 2260 mirlto
558 2203 682 2279 spedista
695 2204 802 2274 labore,

165 2305 346 2381 Degenerare
360 2313 469 2376 tamen,
490 2305 522 2362 ni
534 2305 577 2362 ris
590 2305 715 2364 humana
727 2323 798 2382 quot
812 2307 893 2365 annis

166 2407 306 2464 Maxuma
319 2423 440 2481 quaeque
453 2423 541 2463 manu
553 2406 676 2481 legeret:
699 2407 737 2463 src
750 2408 849 2468 omnia
862 2408 928 2466 satis

165 2509 200 2566 In
213 2507 293 2585 pejus
305 2509 403 2577 fluere,
423 2527 456 2564 ac
469 2517 544 2564 retro
558 2507 687 2584 sublapsa
700 2509 808 2569 referri.

165 2609 235 2667 Nou
246 2611 337 2678 aliter,
348 2627 436 2684 quam
445 2609 498 2684 qui
512 2610 633 2668 adverso
642 2611 692 2668 vix
705 2612 828 2670 flumine
839 2612 967 2672 lembum

165 2711 305 2787 Remigiis
318 2710 433 2787 subigit,
455 2711 476 2767 si
489 2711 605 2769 brachia
618 2711 692 2770 sorte
706 2713 822 2786 remisit,

164 2813 264 2888 Atque
276 2813 403 2870 illumin
417 2831 541 2890 praeceps
554 2832 643 2889 prono
660 2815 733 2890 rapit
746 2817 842 2874 alveus
853 2817 940 2875 amni.

203 2915 349 2986 Praeterea,
369 2923 429 2972 tam
442 2915 508 2972 sunt
521 2915 637 2974 Areturi
651 2917 739 2974 sidera
752 2917 844 2990 nobis,

164 3015 379 3092 Haedorumque
391 3017 450 3074 dies
464 3017 602 3088 servandi,
625 3027 655 3076 et
667 3020 783 3078 lucidus
795 3021 919 3098 Anguis,

164 3117 263 3178 Quam
271 3107 376 3197 quibus
389 3119 421 3178 in
432 3119 556 3198 patriam
561 3120 678 3200 ,ventosa
688 3141 741 3200 per
751 3143 864 3202 aequora
875 3123 963 3184 vedis
