2208 3574
357 271 564 322 NOTULAE.

57 410 155 460 ‘molli'
173 412 222 460 satis
237 413 342 477 exprimit
359 431 405 463 vox
421 415 527 463 ‘innoxia
534 414 550 474 ς’
575 423 598 462 et
614 411 720 460 ‘molles’
739 411 816 460 firmat
832 423 859 460 ‘eo

57 503 157 554 ‘teneros
166 501 268 564 capilios'
280 504 303 550 in
315 503 397 550 Sidonii
407 503 538 550 imitatione.
553 487 556 491 ’
568 504 606 559 Bt,
622 499 738 548 crim'dicit
748 505 756 532 ‘
763 499 859 556 molles,'

58 588 118 636 idem
131 589 162 636 eil
177 603 202 636 ac
217 588 234 636 fi
247 590 334 649 dixerit,
351 594 368 623 “
377 591 481 638 Flaminii
496 591 576 638 lambit
592 601 657 652 caput
669 605 695 637 ex
710 591 773 636 omni
789 600 858 652 parte,

57 679 76 708 “
87 672 217 738 quicunque
226 677 362 726 diffundatur
371 689 497 728 tenerorum
507 679 591 726 flexura
599 677 753 742 capillonrm.’'
775 676 858 725 Confer

59 763 130 811 oiid.
142 780 169 812 ex
181 766 248 814 Pont·
259 766 293 814 iii.
311 781 333 828 3.
352 781 389 826 17.

91 854 146 900 Ver.
158 851 214 913 697.
237 854 342 904 Literulie
356 857 512 916 mutationem,
533 872 610 919 quam,
628 854 762 903 variantibus
777 851 859 902 interei

58 941 131 998 libris,
147 957 175 988 ex
185 942 273 1002 ingenio
282 943 332 991 dare
345 945 455 1002 volebam,
472 943 565 993 omninb
574 945 668 1008 postulat
677 943 773 992 tutioris
783 958 862 991 meos:

58 1028 164 1078 intentius
175 1029 289 1094 inspiciens
298 1033 367 1080 ledlor
377 1049 422 1080 non
431 1033 515 1096 spernet
524 1037 533 1068 i
541 1033 609 1080 dum'
621 1047 661 1095 pro
671 1036 679 1064 ‘
687 1031 756 1078 tum·'

91 1120 146 1166 Ver.
156 1131 211 1182 794.
234 1121 314 1178 Mouet
324 1137 361 1168 me
371 1122 506 1179 Macrobius,
524 1121 613 1169 Saturn.
623 1121 654 1167 iv.
670 1131 694 1181 5·
711 1120 739 1166 ad
748 1119 804 1166 banc
813 1119 861 1166 lec·

58 1207 143 1254 tionem
153 1208 307 1270 adoptandam,
322 1220 345 1256 et
355 1211 472 1269 Manilius,
487 1211 504 1256 i.
516 1209 571 1256 822.
588 1209 626 1271 qui
640 1209 681 1255 lroc
695 1206 860 1254 hemistichium

58 1295 178 1358 repetitum
188 1296 254 1344 dedit.
288 1297 344 1344 Satis
360 1299 436 1346 babuit
450 1300 517 1346 Maro
530 1299 657 1344 Homerum
669 1295 753 1344 imitari
766 1295 793 1342 ad
803 1293 860 1341 AEu.

58 1385 90 1432 vi.
102 1397 159 1444 702.
174 1396 197 1432 et
207 1400 255 1432 rem
265 1387 337 1434 voluit
346 1387 439 1444 variare,
449 1401 489 1448 pro
500 1385 564 1447 periti
573 1384 664 1432 artificis
673 1378 766 1430 solertiii.

91 1472 184 1520 AEneidi
195 1474 231 1520 iit.
245 1489 291 1520 ver.
303 1487 342 1533 70.
361 1473 428 1522 Haild
438 1475 484 1522 ulia
494 1477 565 1522 verior
575 1474 606 1521 est
616 1474 690 1530 lectio,
701 1487 741 1520 noe
751 1486 801 1533 quse
810 1485 861 1518 ma·

59 1560 92 1621 gis
102 1561 250 1621 indignabitur
260 1547 315 1608 rein
327 1562 419 1610 rubium
430 1562 513 1620 vocari,
529 1557 771 1625 promissionum
785 1558 861 1622 po‘e'ta·

59 1664 112 1696 rum
129 1649 203 1707 libros,
219 1645 253 1706 ed,
269 1665 336 1712 quam
346 1651 441 1710 Virgilio
451 1666 478 1697 ex
493 1650 602 1697 codicibus
618 1649 759 1697 rostitulmus.
790 1648 862 1695 Nullo

59 1737 127 1786 modo
142 1736 258 1796 tolerandae
275 1738 325 1784 sunt
338 1738 438 1786 virorum
454 1723 754 1786 dodiomm'emendxtiones.
786 1735 862 1783 AElius

59 1825 141 1884 Cinna,
157 1826 214 1889 apud
225 1825 351 1872 charisium
363 1825 430 1874 instit.
439 1841 511 1886 gram.
527 1827 567 1874 lib.
580 1841 601 1873 r.

190 1915 225 1960 At
236 1914 304 1960 scelus
314 1913 394 1960 incesto
403 1917 412 1944 ⁴
420 1915 496 1976 turpe’
507 1899 611 1962 crescebat
623 1914 647 1962 in
657 1915 714 1962 alvo.

60 1998 130 2049 Redi?
140 2002 258 2048 docemunt
268 2001 370 2047 Heinsius
380 2001 407 2048 ad
417 2001 498 2048 Silium
508 2001 544 2048 ix.
558 2014 612 2064 575.
621 2012 643 2049 et
651 2002 762 2049 Bentleius
772 2001 798 2050 ad
808 2003 863 2050 Ma·

60 2092 142 2138 uilium
154 2091 170 2138 i.
181 2104 220 2152 90.
236 2105 291 2153 quos
299 2090 369 2138 letior
379 2091 449 2138 adeat.
481 2088 516 2138 iet
526 2092 606 2149 noster,
621 2091 676 2138 AEn.
685 2091 719 2138 vi.
730 2105 786 2152 ⁴²¹·

190 2213 197 2225 .
215 2211 222 2225 .
239 2210 247 2226 .
263 2179 314 2235 llle,
331 2177 505 2236 fime‘rabida:
521 2181 563 2227 tria
575 2189 664 2240 guttura
674 2178 783 2242 pandente

60 2283 115 2316 nam
131 2283 184 2314 cave
196 2266 275 2313 dixeris
287 2265 318 2312 ibi
333 2265 373 2313 else
387 2267 463 2316 ‘sexto
476 2267 539 2314 casu'
554 2267 674 2314 dictionem
692 2267 780 2314 ‘rabida
786 2267 804 2326 ς’
821 2268 862 2315 nifr

59 2357 115 2404 uelis
126 2366 197 2402 totam
210 2354 294 2416 pelium
307 2354 357 2402 dare
371 2355 508 2404 venuiuxtem
521 2356 573 2404 loci.
604 2355 661 2403 tude
677 2353 734 2402 infrd
745 2371 790 2402 ver.
801 2356 861 2416 464.

60 2445 95 2490 sed
106 2444 161 2491 banc
173 2443 259 2490 caesurae
269 2443 319 2490 vim
328 2452 382 2505 quot
395 2443 490 2490 versibus
502 2444 615 2505 agnosprit
624 2445 699 2500 Maro,
715 2439 797 2490 niirunt
808 2459 861 2489 om·

59 2547 114 2592 nes3
137 2543 160 2579 et
177 2529 262 2595 quotibs
278 2531 385 2580 soliciteni
400 2516 484 2579 indodii
503 2531 584 2579 scribe.
629 2531 733 2590 Ovidius,
756 2531 816 2579 Met.
827 2528 862 2577 ix.

62 2622 119 2668 660.
832 2617 835 2622 '

191 2739 417 2756 ..........
431 2707 532 2770 spirantis
541 2709 617 2756 ‘lene’
629 2705 728 2756 Favoni:

62 2797 112 2844 vide
122 2797 240 2845 Heiniium
250 2798 277 2844 ad
285 2798 346 2860 epist.
357 2813 384 2844 ex
394 2798 459 2844 Pont.
471 2798 502 2845 iv.
521 2809 559 2843 ιο.
568 2809 610 2857 43.

95 2887 150 2932 Ver.
164 2884 220 2946 348.
240 2885 335 2932 Versum
351 2884 479 2932 exhibemus
492 2885 570 2932 nostris
583 2883 714 2945 cnnjedturis
730 2885 861 2948 expolitum,

62 2990 124 3038 quas,
139 2983 165 3020 ut
175 2969 246 3035 posteir
256 2972 415 3030 intelleximus,
433 2972 515 3034 partim
525 2971 658 3020 confirmant
667 2973 758 3020 codices.
782 2971 864 3032 Facili,

64 3061 148 3112 fiforet
157 3063 180 3108 iu
190 3059 253 3107 terris
266 3061 342 3118 Maro,
358 3061 420 3106 suam
433 3075 528 3106 manum
538 3058 587 3130 jam
600 3075 659 3108 nuno
671 3062 804 3121 agnoscerem
822 3077 864 3108 ne·

64 3169 107 3216 que
124 3150 268 3202 horridiorem
282 3147 331 3198 mit
341 3149 427 3200 versum
447 3150 537 3211 vulgato
552 3148 634 3204 onere
649 3150 747 3217 reperies,
763 3161 784 3200 et
801 3147 865 3214 poitd

458 3253 479 3295 Σ
