2194 3584
188 214 226 274 16
412 213 715 286 nucourcn
888 225 982 278 vsa
1081 187 1082 194 ‘

186 369 310 447 Adspice
321 389 448 430 convexo
458 381 609 432 nutantem
617 373 741 452 pondere
753 372 909 442 mundum;

184 473 978 552 Terrasque,tradusquemaris‚coelumqueprofundum:
1081 535 1082 544 χ

184 574 318 651 Adspice,
338 583 458 633 venturo
469 576 602 634 laetantur
613 588 648 635 ut
659 577 755 636 omnia
767 577 858 636 saeclo.

184 676 213 734 Ο
225 677 299 734 mihi
311 686 375 734 tum
386 678 481 754 longae
494 689 608 736 maneat
616 697 679 756 pars
691 679 794 737 ultima
806 679 881 748 vitae,

184 775 303 855 Spiritus
316 787 354 847 et,
374 789 514 855 quantum
524 781 566 838 sat
578 781 632 838 erit
642 791 690 838 tua
703 781 796 838 dicere
807 781 897 839 fadai

183 883 254 940 Non
266 901 313 940 me
325 883 497 940 carminibus
510 883 614 965 vincet,
627 903 680 941 nec
690 883 829 942 Thracius
837 885 982 962 Orpheus,
1081 901 1082 932 1

182 985 247 1042 Nec
259 985 365 1057 Linus3
386 985 454 1042 huic
466 995 557 1044 mater
567 986 705 1062 quamvis,
718 996 802 1062 atque
813 986 881 1044 huic
889 996 983 1064 pater,-

260 1087 331 1144 adfit
337 1113 346 1158 3

182 1189 291 1266 Orphei
305 1189 459 1267 Calliopea,
480 1190 555 1248 Lino
567 1191 704 1248 fonuosus
717 1191 831 1268 Apollo.

15 1327 16 1372 i
181 1293 241 1350 Pan
253 1291 349 1361 etiarn,
369 1293 492 1350 Arcadia
505 1312 619 1350 mecum
632 1292 758 1369 fijudice
769 1303 866 1362 certet,

89 1403 92 1412 '
181 1376 239 1451 Pan
252 1393 339 1450 etiam
351 1393 477 1450 Arcadici
489 1394 565 1451 dicat
578 1393 605 1451 se
613 1393 711 1470 judice
721 1394 839 1454 vimen.

144 1492 145 1496 ’
218 1494 326 1570 Incipe,
345 1513 430 1572 parve
440 1514 518 1571 puer,
538 1495 595 1552 risu
606 1495 774 1572 cognoscere
784 1505 921 1556 matrem:

179 1597 269 1654 Matri
281 1597 367 1672 longa
380 1598 478 1654 decem
491 1598 619 1656 tulerunt
630 1599 741 1656 fastidia
753 1601 871 1660 menses.

179 1699 288 1775 Incipe,
307 1717 391 1775 parve
404 1717 474 1775 puer
484 1709 497 1754 :'
513 1700 560 1756 cui
574 1719 632 1758 non
644 1700 729 1758 risere
741 1680 879 1780 parentes,
892 1709 894 1716 ’
925 1777 927 1780 Ι

102 1873 105 1880 ¹
179 1801 245 1859 Nec
257 1802 325 1858 deus
335 1801 413 1858 hunc
424 1801 530 1870 mensi,
550 1802 602 1859 dea
619 1820 673 1860 nec
686 1804 803 1882 dignata
816 1806 904 1866 cubili
917 1809 972 1872 est.
1081 1791 1082 1844 3

424 2147 650 2241 ECLOGA
687 2184 725 2241 u

415 2444 416 2447 =
468 2417 682 2471 DAPHNIS.

416 2614 588 2654 Munnucns.
601 2615 737 2654 Morsus.
821 2667 836 2702 ο

488 2827 659 2867 Muuancas.

177 2909 247 2966 Cun
255 2905 443 2987 non,.M0pse,
455 2911 524 2967 boni
538 2911 674 2986 quoniam
684 2909 870 2968 convenimus
878 2913 979 2985 ambe,

132 3081 134 3085 Ι
177 3012 225 3068 Tu
237 3011 358 3070 calamos
370 3014 470 3070 inflare
482 3013 562 3081 levis,
581 3032 635 3089 ego
646 3012 738 3070 dicere
751 3011 864 3082 versus,

179 3109 238 3170 Hic
250 3114 351 3174 cerulis
362 3116 466 3174 mixtas
479 3115 554 3174 inter
566 3114 735 3173 confidimus
747 3116 859 3172 ulmos?
974 3139 978 3146 ·
