2208 3574
8 233 9 294 3
110 198 213 273 v.678.
411 201 511 262 LIB.
549 198 589 258 11.
850 213 906 263 241

8 353 10 394 i
111 357 164 415 Cui
177 365 267 434 pater,
287 363 318 416 et
330 355 466 436 conjunx,
486 358 632 434 quondam
650 365 699 416 tua
712 357 801 430 diua,
820 359 907 418 relin-

100 487 101 494 κ
224 463 313 535 quor?

146 563 229 622 Talia
242 564 401 623 vociferans
417 563 530 640 gemitu
544 564 652 622 teetum
665 583 751 623 ornne
763 565 905 642 replebat;

112 667 212 725 Quum
219 667 347 726 subitum
355 667 491 744 dictuque
498 667 589 726 oritur
598 667 731 726 mirabile
741 669 908 729 monstrum.
923 721 925 724 .

110 770 245 847 Namque
264 790 367 830 manus
386 771 471 841 inter,
497 770 715 846 maestorumque
736 791 784 832 ora
805 791 907 849 paren·

186 884 259 944 tum,

110 977 195 1036 Ecce!
218 977 288 1036 levis
302 977 413 1036 summo
426 979 463 1036 de
475 977 584 1035 vertice
596 977 671 1036 visus
685 977 743 1035 Iuli

109 1079 238 1138 Fundere
250 1082 350 1139 lumen
363 1101 445 1160 apex,
465 1082 600 1157 tactuque
612 1081 731 1140 innoxia
744 1082 840 1140 mollis

109 1185 248 1242 Lambere
260 1185 376 1243 flamma
389 1204 494 1254 comas,
514 1195 544 1242 et
556 1185 665 1242 circum
679 1195 807 1262 tempora
819 1185 906 1262 pasci.

108 1287 170 1345 Nos
182 1287 279 1364 pavidi
293 1288 433 1364 trepidare
448 1297 538 1355 metu,
558 1287 724 1364 crinemque
736 1290 907 1366 flagrantem

109 1391 260 1462 Excutere,
280 1401 311 1450 et
323 1391 431 1450 sanctos
444 1391 618 1467 restinguere
631 1392 760 1450 fontibus
771 1393 864 1472 ign'es.

109 1497 152 1554 At
164 1503 245 1572 pater
256 1493 396 1581 Anchises
409 1493 507 1552 oculos
520 1494 556 1552 ad
570 1495 658 1552 sidera
671 1495 753 1554 laetus
807 1555 810 1560 ,

109 1597 232 1669 Extulit,
252 1607 283 1656 et
295 1597 368 1656 coelo
380 1598 489 1674 palmas
501 1615 569 1656 cum
582 1617 650 1656 voce
664 1599 802 1658 tetendit:

107 1702 242 1780 Juppiter
253 1701 444 1778 omnipotens,
465 1701 596 1778 precibus
610 1703 630 1759 fi
643 1701 767 1761 flecteris
778 1701 856 1772 ullis,
977 1715 979 1722 ’

107 1804 234 1882 Adspice
247 1825 313 1876 noe3
334 1805 389 1862 hoc
401 1812 529 1862 tantum:
551 1814 590 1877 et,
604 1805 624 1862 [ι
636 1805 745 1884 pietate
754 1801 907 1875 meremur,

107 1908 154 1966 Da
165 1908 271 1967 deinde
279 1907 429 1978 auxilium,
438 1917 528 1985 pater,
539 1917 626 1985 atque
635 1909 697 1968 haec
707 1910 805 1968 omina
815 1909 906 1968 firma.

146 2011 206 2070 Vix
219 2030 252 2070 ea
265 2011 342 2070 fatus
353 2021 414 2070 erat
423 2011 525 2082 senior,
545 2011 697 2090 subitoque
710 2013 822 2090 fragore

106 2113 242 2172 Intonuit
254 2115 375 2188 laevum,
397 2123 435 2184 et,
451 2117 491 2180 ‚de
508 2116 581 2174 coelo
593 2115 678 2184 labsa,
697 2134 749 2192 per
760 2117 875 2176 umbras

106 2217 205 2288 Stella,
226 2219 320 2276 facem
334 2220 449 2290 ducens,
470 2219 563 2278 multa
575 2237 642 2277 cum
653 2219 720 2276 ,luce
732 2219 868 2278 cucurrit.

104 2321 201 2392 Illam,
222 2320 334 2380 summa
347 2322 431 2396 super
442 2323 588 2380 labentem
599 2321 727 2380 culmina
741 2323 819 2392 tecti,

106 2424 262 2484 Cernimus
275 2425 352 2484 ldaea
364 2425 472 2482 claram
484 2426 513 2482 se
525 2426 648 2484 condere
662 2425 739 2495 filva,

105 2527 334 2606 signantemque
344 2527 418 2600 vias,
440 2529 605 2606 tum-longo
616 2529 710 2588 limite
723 2527 818 2586 sulcus
913 2517 916 2520 ¹

104 2631 168 2690 Dat
178 2632 288 2702 lucem,
305 2640 335 2690 et
346 2631 405 2690 late
418 2633 528 2690 circum
540 2633 602 2691 loca
615 2631 724 2690 sulfure
737 2633 859 2690 fumant.

105 2733 168 2792 Hic
183 2753 249 2794 vero
259 2733 351 2807 vietus
364 2736 478 2813 genitor
489 2735 518 2794 se
531 2736 608 2794 tollit
620 2738 656 2794 ad
669 2753 760 2804 auras,

104 2823 293 2913 Adfaturque¹
305 2841 381 2908 deos,
400 2849 431 2900 et
443 2839 572 2898 sanctum
591 2840 664 2898 sidua
678 2840 789 2898 adorat:

42 2967 44 2970 ·
104 2939 175 3019 Jam
191 2939 253 3018 jam
273 2943 353 3000 nulla
370 2945 523 3002 mora'est:
546 2943 662 3019 sequor,
691 2953 730 3012 et,
752 2941 810 3017 qua
827 2941 907 3000 duci-

187 3044 234 3112 tis,
254 3045 362 3106 adsum.

105 3145 258 3226 Dipatn'i,
278 3149 385 3210 servate
397 3151 527 3221 domum,
547 3152 654 3212 servate
668 3148 815 3228 nepotem:
875 3151 877 3158 “

499 3267 517 3305 a
