2208 3574
364 237 618 320 '‘norunAE.

113 390 148 427 tor
158 376 237 429 verum
246 383 365 444 genitorem
376 385 503 447 ‘Cyrenes’
514 387 553 432 effi
563 387 675 432 ‘Peneum
683 383 699 430 ι’
716 397 769 429 mox
783 380 859 430 autem
874 383 911 430 in·

113 469 171 514 docti
182 470 262 530 sctibae,
278 473 392 518 metricam
408 473 514 520 rationem
530 473 630 520 dictionis
640 471 737 518 ‘Penei'
750 486 793 516 non
804 481 911 526 tenentes,

113 549 313 620 interpretationem
330 559 398 622 ipsam
414 562 437 607 in
451 571 539 608 textum
554 569 688 622 receperunt,
703 555 789 604 extrusi
800 555 851 604 ueri
867 559 913 604 lec-

113 645 179 690 tione.
212 648 247 692 De
257 644 297 693 hic
307 648 355 695 crifi
367 663 412 694 non
422 647 540 695 reformido
547 648 656 710 judicium
668 647 800 693 doeiiorum.

145 733 200 779 Ver.
211 745 269 794 425.
291 735 398 782 Librarios
414 736 437 782 in
448 736 536 782 vocibus
552 734 666 796 ‘rapidus'
679 744 701 780 ct
712 739 720 765 ‘
730 733 827 778 rabidus’
839 733 915 795 paisrm

116 821 207 878 turbati,
217 823 264 883 quie
274 823 355 869 nescit?
373 835 394 870 et
402 834 447 870 erat
457 821 632 884 expectandum:¹
649 821 683 866 sed
692 821 718 866 de
728 824 736 851 ⁴
747 820 824 876 Sirio,'
839 818 916 882 utpote

115 909 198 965 ‘cane‚’
207 910 271 955 verbn
281 908 370 966 faciens,
386 922 409 958 et
420 911 512 973 prudens
522 921 544 956 et
554 911 637 969 elegans
647 909 718 971 poeta,
735 925 779 955 non
789 909 862 970 potuit
872 924 917 955 uon

119 990 218 1042 'adhibere
227 997 354 1053 difflonem,
370 1013 437 1059 quarn
448 999 481 1044 illi
491 998 642 1045 redonavimus
650 1012 676 1043 ex
687 993 819 1058 conjeeiuni.
850 994 917 1044 Hand

117 1081 180 1130 aliter
190 1085 303 1143 Horatius,
320 1085 365 1131 Od.
379 1086 410 1132 iii.
421 1099 459 1147 29.
476 1085 512 1134 18.

245 1204 439 1220 .........
454 1173 502 1233 jam
514 1174 631 1236 ‘Procyon
642 1171 712 1229 furit,'

276 1261 306 1306 Et
316 1261 375 1307 stella
385 1259 473 1306 ‘vesani
483 1260 583 1306 Leonise'

117 1355 186 1408 quern
198 1347 320 1394 subsecutus
329 1347 413 1394 Perfrue
422 1349 453 1394 est
463 1347 496 1393 iii.
513 1359 534 1408 ς.

272 1431 283 1482 .’
300 1467 451 1482 .......
468 1434 531 1481 sroens
542 1439 550 1464 ‘
556 1434 629 1480 insana
639 1433 760 1480 Canicula'
772 1433 847 1480 moises

245 1523 297 1586 Jum
309 1522 392 1569 dudum
402 1523 484 1585 coquit.

122 1609 238 1667 Manilius,
254 1626 275 1656 v.
288 1611 344 1657 208.

157 1696 159 1699 ’
246 1698 392 1760 Exoriturque
402 1698 478 1754 Canis,
493 1702 502 1730 ‘
509 1699 615 1760 latratque
624 1697 744 1744 eanieuta’
761 1697 887 1758 flarumane,

248 1787 277 1831 Et
288 1790 296 1817 ‘
306 1785 376 1832 rabit'
387 1786 435 1845 igue
446 1787 490 1832 suo.

122 1873 234 1929 Lucanus,
251 1889 273 1920 x.
291 1887 346 1920 211.

184 1969 187 1978 '
252 1988 454 2009 .........
466 1966 475 1992 ‘
486 1961 581 2008 rabidos'
592 1958 634 2023 quei
645 1961 729 2008 ‘Sirius
739 1961 798 2021 ignes

231 2049 233 2054 '
254 2047 356 2096 Exierit:

124 2133 155 2182 iti
170 2137 299 2197 legendum:
314 2138 411 2184 consulas
422 2137 452 2183 ibi
462 2137 651 2199 Oudendorpium,
666 2146 687 2183 et
697 2137 723 2182 ad
733 2137 763 2182 vi.
782 2133 820 2182 66.
826 2135 852 2181 'et
864 2149 919 2198 337.

126 2237 165 2269 nec
176 2239 219 2270 non
230 2240 269 2270 nos
279 2225 302 2271 in
312 2222 370 2271 Silvi
381 2221 473 2282 eutici,
489 2223 539 2270 ieet.
548 2223 608 2270 cxix.
634 2222 727 2270 Pulchre
737 2223 815 2271 Cicero
825 2225 849 2270 in
860 2202 926 2270 Ara-¹

124 2312 164 2357 teis
174 2309 200 2358 de
210 2313 251 2358 hoc
261 2311 338 2358 fidere:

252 2401 309 2457 Nec,
319 2409 366 2446 toto
377 2400 455 2461 spirans
466 2403 474 2430 ‘
484 2399 569 2446 rabido'
579 2399 605 2445 de
615 2399 733 2460 ‘corpore'
744 2398 869 2458 flammam,

252 2487 366 2534 AEiiiferos
376 2488 452 2534 validis
463 2487 559 2549 erumpit
570 2486 656 2533 flatibus
667 2487 735 2546 ignes.

126 2575 175 2622 Nos
185 2576 310 2636 moxvplura
321 2576 346 2622 ad
359 2575 497 2633 Lucretium,
507 2591 530 2620 v.
542 2575 597 2637 890.

157 2663 210 2709 Ver.
218 2666 277 2722 484.
300 2663 397 2709 conatus
414 2666 463 2709 sum
480 2664 604 2710 restitutum
617 2665 666 2711 dare
676 2679 704 2711 ex
715 2659 839 2724 eonjeeiuri
851 2663 925 2726 deplo-

130 2760 204 2796 ratum
215 2752 297 2797 iocum.
331 2749 437 2797 Similiter
449 2754 515 2798 Maro
526 2753 548 2798 in
560 2753 613 2799 Ecl.
623 2753 670 2799 viii.
684 2766 724 2810 71.

256 2839 355 2898 Frigidus
365 2839 388 2885 in
403 2839 467 2902 pratis
479 2843 487 2869 ‘
494 2840 611 2886 cantendo'
628 2841 739 2902 rumpitur
748 2841 831 2899 anguis.

130 2926 221 2983 Rursus,
237 2927 292 2973 AEn.
305 2929 335 2972 vi.
354 2941 408 2989 539.

234 3023 236 3027 ·
256 3015 308 3061 Nox
319 3015 372 3073 ruit,
389 3016 475 3063 AEneer
494 3031 533 3062 noe
542 3021 550 3047 ‘
558 3016 639 3064 flendo’
652 3017 754 3064 ducimus
764 3017 844 3064 horas:

131 3101 204 3150 confer
213 3099 281 3150 etiim
292 3101 340 3150 AEn
357 3103 397 3150 xii.
411 3102 452 3165 46.

498 3204 514 3238 2
