<?xml version="1.0" encoding="UTF-8"?>
<!DOCTYPE html PUBLIC "-//W3C//DTD XHTML 1.0 Transitional//EN"
    "http://www.w3.org/TR/xhtml1/DTD/xhtml1-transitional.dtd">
<html xmlns="http://www.w3.org/1999/xhtml" xml:lang="en" lang="en">
 <head>
  <title>
</title>
<meta http-equiv="Content-Type" content="text/html;charset=utf-8" />
  <meta name='ocr-system' content='tesseract 3.04.00' />
  <meta name='ocr-capabilities' content='ocr_page ocr_carea ocr_par ocr_line ocrx_word'/>
</head>
<body>
  <div class='ocr_page' id='page_1' title='image "./pvirgiliimaroni02wakegoog_0249.png"; bbox 0 0 2208 3574; ppageno 0'>
   <div class='ocr_carea' id='block_1_1' title="bbox 143 147 968 232">
    <p class='ocr_par' dir='ltr' id='par_1_1' title="bbox 143 147 968 232">
     <span class='ocr_line' id='line_1_1' title="bbox 143 147 968 232; baseline -0.013 -19"><span class='ocrx_word' id='word_1_1' title='bbox 143 161 200 232; x_wconf 79' lang='lat' dir='ltr'>aaa</span> <span class='ocrx_word' id='word_1_2' title='bbox 404 147 678 218; x_wconf 59' lang='lat' dir='ltr'>animnos,</span> <span class='ocrx_word' id='word_1_3' title='bbox 831 149 968 210; x_wconf 63' lang='lat' dir='ltr'>nono..</span> 
     </span>
    </p>
   </div>
   <div class='ocr_carea' id='block_1_2' title="bbox 89 303 961 3130">
    <p class='ocr_par' dir='ltr' id='par_1_2' title="bbox 89 303 941 885">
     <span class='ocr_line' id='line_1_2' title="bbox 89 303 920 385; baseline -0.002 -19"><span class='ocrx_word' id='word_1_4' title='bbox 89 347 92 352; x_wconf 78' lang='lat'><em>,</em></span> <span class='ocrx_word' id='word_1_5' title='bbox 142 309 208 385; x_wconf 88' lang='lat' dir='ltr'>Jam</span> <span class='ocrx_word' id='word_1_6' title='bbox 220 307 345 372; x_wconf 82' lang='lat' dir='ltr'>flammae</span> <span class='ocrx_word' id='word_1_7' title='bbox 358 306 484 375; x_wconf 86' lang='lat' dir='ltr'>tulerint,</span> <span class='ocrx_word' id='word_1_8' title='bbox 504 305 637 366; x_wconf 84' lang='lat' dir='ltr'>inimicus</span> <span class='ocrx_word' id='word_1_9' title='bbox 650 313 679 362; x_wconf 89' lang='lat' dir='ltr'>et</span> <span class='ocrx_word' id='word_1_10' title='bbox 692 303 816 363; x_wconf 82' lang='lat' dir='ltr'>hauserit</span> <span class='ocrx_word' id='word_1_11' title='bbox 834 305 920 376; x_wconf 80' lang='lat' dir='ltr'>enfia.</span> 
     </span>
     <span class='ocr_line' id='line_1_3' title="bbox 143 407 814 485; baseline -0.003 -19"><span class='ocrx_word' id='word_1_12' title='bbox 143 409 213 466; x_wconf 94' lang='lat' dir='ltr'>Non</span> <span class='ocrx_word' id='word_1_13' title='bbox 227 409 281 466; x_wconf 88' lang='lat' dir='ltr'>tibi</span> <span class='ocrx_word' id='word_1_14' title='bbox 292 409 463 485; x_wconf 83' lang='lat' dir='ltr'>Tyndaridis</span> <span class='ocrx_word' id='word_1_15' title='bbox 475 407 561 465; x_wconf 79' lang='lat' dir='ltr'>facies</span> <span class='ocrx_word' id='word_1_16' title='bbox 574 407 663 464; x_wconf 89' lang='lat' dir='ltr'>invisa</span> <span class='ocrx_word' id='word_1_17' title='bbox 677 409 814 477; x_wconf 81' lang='lat' dir='ltr'>Lacaenae,</span> 
     </span>
     <span class='ocr_line' id='line_1_4' title="bbox 144 495 873 588; baseline -0.003 -20"><span class='ocrx_word' id='word_1_18' title='bbox 144 495 319 588; x_wconf 59' lang='lat' dir='ltr'>culpatusve</span> <span class='ocrx_word' id='word_1_19' title='bbox 334 510 409 568; x_wconf 87' lang='lat' dir='ltr'>Paris</span> <span class='ocrx_word' id='word_1_20' title='bbox 415 535 423 581; x_wconf 77' lang='lat' dir='ltr'><strong>i</strong></span> <span class='ocrx_word' id='word_1_21' title='bbox 446 511 542 570; x_wconf 89' lang='lat' dir='ltr'>divom</span> <span class='ocrx_word' id='word_1_22' title='bbox 555 509 747 578; x_wconf 84' lang='lat' dir='ltr'>inelementia,</span> <span class='ocrx_word' id='word_1_23' title='bbox 767 510 873 580; x_wconf 82' lang='lat' dir='ltr'>divom,</span> 
     </span>
     <span class='ocr_line' id='line_1_5' title="bbox 144 605 885 688; baseline 0 -18"><span class='ocrx_word' id='word_1_24' title='bbox 144 613 205 670; x_wconf 83' lang='lat' dir='ltr'>Hae</span> <span class='ocrx_word' id='word_1_25' title='bbox 217 613 319 673; x_wconf 86' lang='lat' dir='ltr'>evertit</span> <span class='ocrx_word' id='word_1_26' title='bbox 332 631 407 688; x_wconf 87' lang='lat' dir='ltr'>opes,</span> <span class='ocrx_word' id='word_1_27' title='bbox 429 611 581 687; x_wconf 88' lang='lat' dir='ltr'>stemitque</span> <span class='ocrx_word' id='word_1_28' title='bbox 594 629 610 668; x_wconf 92' lang='lat' dir='ltr'>a</span> <span class='ocrx_word' id='word_1_29' title='bbox 623 605 749 670; x_wconf 88' lang='lat' dir='ltr'>culmine</span> <span class='ocrx_word' id='word_1_30' title='bbox 761 608 885 688; x_wconf 83' lang='lat' dir='ltr'>Trojarn.</span> 
     </span>
     <span class='ocr_line' id='line_1_6' title="bbox 146 713 941 793; baseline -0.003 -21"><span class='ocrx_word' id='word_1_31' title='bbox 146 713 270 790; x_wconf 78' lang='lat' dir='ltr'>Adspice</span> <span class='ocrx_word' id='word_1_32' title='bbox 275 739 284 784; x_wconf 81' lang='lat'>3</span> <span class='ocrx_word' id='word_1_33' title='bbox 306 733 430 790; x_wconf 89' lang='lat' dir='ltr'>namque</span> <span class='ocrx_word' id='word_1_34' title='bbox 439 732 564 783; x_wconf 87' lang='lat' dir='ltr'>omnem,</span> <span class='ocrx_word' id='word_1_35' title='bbox 579 733 642 789; x_wconf 84' lang='lat' dir='ltr'>quae</span> <span class='ocrx_word' id='word_1_36' title='bbox 655 732 741 793; x_wconf 87' lang='lat' dir='ltr'>nunc,</span> <span class='ocrx_word' id='word_1_37' title='bbox 754 713 876 771; x_wconf 60' lang='lat' dir='ltr'>obducta</span> <span class='ocrx_word' id='word_1_38' title='bbox 891 722 941 770; x_wconf 88' lang='lat' dir='ltr'>tu·</span> 
     </span>
     <span class='ocr_line' id='line_1_7' title="bbox 223 815 293 885; baseline 0 -13"><span class='ocrx_word' id='word_1_39' title='bbox 223 815 293 885; x_wconf 89' lang='lat' dir='ltr'>enti,</span> 
     </span>
    </p>

    <p class='ocr_par' dir='ltr' id='par_1_3' title="bbox 146 916 961 2824">
     <span class='ocr_line' id='line_1_8' title="bbox 146 916 961 987; baseline -0.005 -11"><span class='ocrx_word' id='word_1_40' title='bbox 146 917 278 976; x_wconf 88' lang='lat' dir='ltr'>Mortalis</span> <span class='ocrx_word' id='word_1_41' title='bbox 290 917 405 976; x_wconf 85' lang='lat' dir='ltr'>hebetat</span> <span class='ocrx_word' id='word_1_42' title='bbox 419 917 493 975; x_wconf 89' lang='lat' dir='ltr'>visus</span> <span class='ocrx_word' id='word_1_43' title='bbox 508 917 569 987; x_wconf 86' lang='lat' dir='ltr'>tibi,</span> <span class='ocrx_word' id='word_1_44' title='bbox 590 924 620 972; x_wconf 87' lang='lat' dir='ltr'>et</span> <span class='ocrx_word' id='word_1_45' title='bbox 632 916 750 974; x_wconf 89' lang='lat' dir='ltr'>humida</span> <span class='ocrx_word' id='word_1_46' title='bbox 762 917 869 974; x_wconf 86' lang='lat' dir='ltr'>circum</span> <span class='ocrx_word' id='word_1_47' title='bbox 957 931 961 936; x_wconf 66' lang='lat'><strong>⁴</strong></span> 
     </span>
     <span class='ocr_line' id='line_1_9' title="bbox 148 1018 856 1096; baseline -0.006 -18"><span class='ocrx_word' id='word_1_48' title='bbox 148 1021 271 1096; x_wconf 87' lang='lat' dir='ltr'>Caligat,</span> <span class='ocrx_word' id='word_1_49' title='bbox 291 1021 399 1076; x_wconf 89' lang='lat' dir='ltr'>nubem</span> <span class='ocrx_word' id='word_1_50' title='bbox 411 1019 546 1094; x_wconf 77' lang='lat' dir='ltr'>eripiam3</span> <span class='ocrx_word' id='word_1_51' title='bbox 570 1028 600 1074; x_wconf 89' lang='lat' dir='ltr'>tn</span> <span class='ocrx_word' id='word_1_52' title='bbox 614 1037 650 1074; x_wconf 95' lang='lat' dir='ltr'>ne</span> <span class='ocrx_word' id='word_1_53' title='bbox 664 1037 719 1093; x_wconf 90' lang='lat' dir='ltr'>qua</span> <span class='ocrx_word' id='word_1_54' title='bbox 732 1018 856 1094; x_wconf 81' lang='lat' dir='ltr'>parentis</span> 
     </span>
     <span class='ocr_line' id='line_1_10' title="bbox 147 1118 785 1199; baseline -0.003 -20"><span class='ocrx_word' id='word_1_55' title='bbox 147 1123 224 1199; x_wconf 81' lang='lat' dir='ltr'>Juffa</span> <span class='ocrx_word' id='word_1_56' title='bbox 238 1121 317 1190; x_wconf 86' lang='lat' dir='ltr'>time,</span> <span class='ocrx_word' id='word_1_57' title='bbox 336 1139 394 1178; x_wconf 89' lang='lat' dir='ltr'>neu</span> <span class='ocrx_word' id='word_1_58' title='bbox 406 1119 554 1196; x_wconf 85' lang='lat' dir='ltr'>praeceptis</span> <span class='ocrx_word' id='word_1_59' title='bbox 566 1139 663 1196; x_wconf 88' lang='lat' dir='ltr'>parere</span> <span class='ocrx_word' id='word_1_60' title='bbox 675 1118 785 1178; x_wconf 86' lang='lat' dir='ltr'>recusa:</span> 
     </span>
     <span class='ocr_line' id='line_1_11' title="bbox 150 1221 778 1297; baseline -0.002 -17"><span class='ocrx_word' id='word_1_61' title='bbox 150 1223 216 1293; x_wconf 90' lang='lat' dir='ltr'>Hic,</span> <span class='ocrx_word' id='word_1_62' title='bbox 238 1221 288 1280; x_wconf 89' lang='lat' dir='ltr'>ubi</span> <span class='ocrx_word' id='word_1_63' title='bbox 302 1221 429 1297; x_wconf 69' lang='lat' dir='ltr'>disjesias</span> <span class='ocrx_word' id='word_1_64' title='bbox 442 1222 531 1278; x_wconf 87' lang='lat' dir='ltr'>rnoles</span> <span class='ocrx_word' id='word_1_65' title='bbox 544 1221 692 1297; x_wconf 83' lang='lat' dir='ltr'>avolsaque</span> <span class='ocrx_word' id='word_1_66' title='bbox 705 1221 778 1279; x_wconf 82' lang='lat' dir='ltr'>saxis</span> 
     </span>
     <span class='ocr_line' id='line_1_12' title="bbox 151 1323 926 1399; baseline -0.001 -17"><span class='ocrx_word' id='word_1_67' title='bbox 151 1326 222 1382; x_wconf 83' lang='lat' dir='ltr'>Saxa</span> <span class='ocrx_word' id='word_1_68' title='bbox 234 1323 322 1394; x_wconf 86' lang='lat' dir='ltr'>vides,</span> <span class='ocrx_word' id='word_1_69' title='bbox 342 1323 492 1399; x_wconf 81' lang='lat' dir='ltr'>mixtoque</span> <span class='ocrx_word' id='word_1_70' title='bbox 505 1323 661 1382; x_wconf 87' lang='lat' dir='ltr'>undantem</span> <span class='ocrx_word' id='word_1_71' title='bbox 674 1323 791 1399; x_wconf 88' lang='lat' dir='ltr'>pulvere</span> <span class='ocrx_word' id='word_1_72' title='bbox 804 1324 926 1395; x_wconf 86' lang='lat' dir='ltr'>fumum,</span> 
     </span>
     <span class='ocr_line' id='line_1_13' title="bbox 150 1424 838 1502; baseline -0.004 -18"><span class='ocrx_word' id='word_1_73' title='bbox 150 1427 304 1502; x_wconf 87' lang='lat' dir='ltr'>Neptunus</span> <span class='ocrx_word' id='word_1_74' title='bbox 317 1443 420 1491; x_wconf 86' lang='lat' dir='ltr'>muros,</span> <span class='ocrx_word' id='word_1_75' title='bbox 441 1443 602 1500; x_wconf 85' lang='lat' dir='ltr'>magnoque</span> <span class='ocrx_word' id='word_1_76' title='bbox 615 1435 708 1482; x_wconf 84' lang='lat' dir='ltr'>emota</span> <span class='ocrx_word' id='word_1_77' title='bbox 722 1424 838 1482; x_wconf 82' lang='lat' dir='ltr'>tridenti</span> 
     </span>
     <span class='ocr_line' id='line_1_14' title="bbox 151 1522 944 1601; baseline 0 -15"><span class='ocrx_word' id='word_1_78' title='bbox 151 1528 355 1597; x_wconf 86' lang='lat' dir='ltr'>Fundamenta,</span> <span class='ocrx_word' id='word_1_79' title='bbox 376 1525 485 1601; x_wconf 81' lang='lat' dir='ltr'>quatit3</span> <span class='ocrx_word' id='word_1_80' title='bbox 508 1535 652 1600; x_wconf 85' lang='lat' dir='ltr'>totamque</span> <span class='ocrx_word' id='word_1_81' title='bbox 668 1528 704 1582; x_wconf 87' lang='lat' dir='ltr'>ab</span> <span class='ocrx_word' id='word_1_82' title='bbox 718 1525 829 1584; x_wconf 89' lang='lat' dir='ltr'>sedibus</span> <span class='ocrx_word' id='word_1_83' title='bbox 842 1522 944 1586; x_wconf 85' lang='lat' dir='ltr'>urbem</span> 
     </span>
     <span class='ocr_line' id='line_1_15' title="bbox 152 1627 795 1704; baseline -0.003 -17"><span class='ocrx_word' id='word_1_84' title='bbox 152 1628 243 1687; x_wconf 87' lang='lat' dir='ltr'>Emit.</span> <span class='ocrx_word' id='word_1_85' title='bbox 282 1628 341 1686; x_wconf 90' lang='lat' dir='ltr'>Hic</span> <span class='ocrx_word' id='word_1_86' title='bbox 353 1629 430 1704; x_wconf 91' lang='lat' dir='ltr'>Juno</span> <span class='ocrx_word' id='word_1_87' title='bbox 444 1627 532 1685; x_wconf 82' lang='lat' dir='ltr'>Scaeas</span> <span class='ocrx_word' id='word_1_88' title='bbox 544 1627 688 1686; x_wconf 86' lang='lat' dir='ltr'>saeviffima</span> <span class='ocrx_word' id='word_1_89' title='bbox 699 1637 795 1704; x_wconf 87' lang='lat' dir='ltr'>portas</span> 
     </span>
     <span class='ocr_line' id='line_1_16' title="bbox 152 1727 932 1808; baseline 0 -20"><span class='ocrx_word' id='word_1_90' title='bbox 152 1727 246 1790; x_wconf 90' lang='lat' dir='ltr'>Prima</span> <span class='ocrx_word' id='word_1_91' title='bbox 259 1737 347 1800; x_wconf 87' lang='lat' dir='ltr'>tenet,</span> <span class='ocrx_word' id='word_1_92' title='bbox 368 1729 533 1804; x_wconf 87' lang='lat' dir='ltr'>sociumque</span> <span class='ocrx_word' id='word_1_93' title='bbox 546 1729 642 1788; x_wconf 85' lang='lat' dir='ltr'>furens</span> <span class='ocrx_word' id='word_1_94' title='bbox 654 1750 671 1788; x_wconf 87' lang='lat' dir='ltr'>a</span> <span class='ocrx_word' id='word_1_95' title='bbox 684 1731 802 1788; x_wconf 89' lang='lat' dir='ltr'>navibus</span> <span class='ocrx_word' id='word_1_96' title='bbox 819 1737 932 1808; x_wconf 82' lang='lat' dir='ltr'>agru&#39;en,</span> 
     </span>
     <span class='ocr_line' id='line_1_17' title="bbox 153 1821 491 1900; baseline -0.006 -10"><span class='ocrx_word' id='word_1_97' title='bbox 153 1833 238 1890; x_wconf 86' lang='lat' dir='ltr'>Ferro</span> <span class='ocrx_word' id='word_1_98' title='bbox 251 1821 389 1900; x_wconf 67' lang='lat' dir='ltr'>adoinoia,</span> <span class='ocrx_word' id='word_1_99' title='bbox 401 1839 491 1890; x_wconf 88' lang='lat' dir='ltr'>vocat.</span> 
     </span>
     <span class='ocr_line' id='line_1_18' title="bbox 153 1931 834 2012; baseline 0.001 -20"><span class='ocrx_word' id='word_1_100' title='bbox 153 1935 218 2012; x_wconf 85' lang='lat' dir='ltr'>Jam</span> <span class='ocrx_word' id='word_1_101' title='bbox 233 1933 356 1996; x_wconf 83' lang='lat' dir='ltr'>summas</span> <span class='ocrx_word' id='word_1_102' title='bbox 368 1931 439 1990; x_wconf 87' lang='lat' dir='ltr'>arcis</span> <span class='ocrx_word' id='word_1_103' title='bbox 451 1932 592 2002; x_wconf 87' lang='lat' dir='ltr'>Tritonia,</span> <span class='ocrx_word' id='word_1_104' title='bbox 611 1933 725 2008; x_wconf 86' lang='lat' dir='ltr'>respice,</span> <span class='ocrx_word' id='word_1_105' title='bbox 746 1933 834 1993; x_wconf 82' lang='lat' dir='ltr'>Pallas</span> 
     </span>
     <span class='ocr_line' id='line_1_19' title="bbox 154 2033 952 2112; baseline 0.003 -20"><span class='ocrx_word' id='word_1_106' title='bbox 154 2035 270 2104; x_wconf 86' lang='lat' dir='ltr'>Insedit,</span> <span class='ocrx_word' id='word_1_107' title='bbox 290 2033 388 2092; x_wconf 88' lang='lat' dir='ltr'>nimbo</span> <span class='ocrx_word' id='word_1_108' title='bbox 401 2033 550 2109; x_wconf 84' lang='lat' dir='ltr'>effulgens,</span> <span class='ocrx_word' id='word_1_109' title='bbox 569 2043 599 2092; x_wconf 88' lang='lat' dir='ltr'>et</span> <span class='ocrx_word' id='word_1_110' title='bbox 612 2035 744 2112; x_wconf 86' lang='lat' dir='ltr'>Gorgone</span> <span class='ocrx_word' id='word_1_111' title='bbox 755 2037 836 2095; x_wconf 73' lang='lat' dir='ltr'>saeva.</span> <span class='ocrx_word' id='word_1_112' title='bbox 949 2055 952 2064; x_wconf 76' lang='grc'><em>’</em></span> 
     </span>
     <span class='ocr_line' id='line_1_20' title="bbox 153 2134 953 2214; baseline 0.003 -20"><span class='ocrx_word' id='word_1_113' title='bbox 153 2136 216 2214; x_wconf 92' lang='lat' dir='ltr'>Ipse</span> <span class='ocrx_word' id='word_1_114' title='bbox 229 2137 311 2194; x_wconf 90' lang='lat' dir='ltr'>Pater</span> <span class='ocrx_word' id='word_1_115' title='bbox 323 2134 429 2194; x_wconf 84' lang='lat' dir='ltr'>Danais</span> <span class='ocrx_word' id='word_1_116' title='bbox 441 2135 559 2204; x_wconf 78' lang='lat' dir='ltr'>animoa,</span> <span class='ocrx_word' id='word_1_117' title='bbox 572 2137 700 2211; x_wconf 84' lang='lat' dir='ltr'>viresque</span> <span class='ocrx_word' id='word_1_118' title='bbox 711 2137 855 2208; x_wconf 87' lang='lat' dir='ltr'>secundas,</span> <span class='ocrx_word' id='word_1_119' title='bbox 951 2167 953 2178; x_wconf 89' lang='grc'><strong><em>·</em></strong></span> 
     </span>
     <span class='ocr_line' id='line_1_21' title="bbox 156 2236 859 2312; baseline 0.004 -17"><span class='ocrx_word' id='word_1_120' title='bbox 156 2237 281 2297; x_wconf 87' lang='lat' dir='ltr'>Sufficit:</span> <span class='ocrx_word' id='word_1_121' title='bbox 303 2236 362 2312; x_wconf 89' lang='lat' dir='ltr'>ipse</span> <span class='ocrx_word' id='word_1_122' title='bbox 373 2237 440 2294; x_wconf 85' lang='lat' dir='ltr'>deos</span> <span class='ocrx_word' id='word_1_123' title='bbox 452 2237 484 2292; x_wconf 93' lang='lat' dir='ltr'>in</span> <span class='ocrx_word' id='word_1_124' title='bbox 497 2237 631 2296; x_wconf 89' lang='lat' dir='ltr'>Dardana</span> <span class='ocrx_word' id='word_1_125' title='bbox 645 2237 759 2296; x_wconf 87' lang='lat' dir='ltr'>suscitat</span> <span class='ocrx_word' id='word_1_126' title='bbox 772 2259 859 2298; x_wconf 89' lang='lat' dir='ltr'>arma.</span> 
     </span>
     <span class='ocr_line' id='line_1_22' title="bbox 155 2338 869 2416; baseline 0.006 -20"><span class='ocrx_word' id='word_1_127' title='bbox 155 2339 250 2414; x_wconf 87' lang='lat' dir='ltr'>Eripe,</span> <span class='ocrx_word' id='word_1_128' title='bbox 270 2349 345 2408; x_wconf 87' lang='lat' dir='ltr'>nate,</span> <span class='ocrx_word' id='word_1_129' title='bbox 365 2338 475 2413; x_wconf 86' lang='lat' dir='ltr'>sugam,</span> <span class='ocrx_word' id='word_1_130' title='bbox 494 2338 639 2415; x_wconf 87' lang='lat' dir='ltr'>finemque</span> <span class='ocrx_word' id='word_1_131' title='bbox 651 2341 757 2416; x_wconf 90' lang='lat' dir='ltr'>inpone</span> <span class='ocrx_word' id='word_1_132' title='bbox 769 2343 869 2400; x_wconf 88' lang='lat' dir='ltr'>labori.</span> 
     </span>
     <span class='ocr_line' id='line_1_23' title="bbox 155 2442 942 2518; baseline 0.004 -17"><span class='ocrx_word' id='word_1_133' title='bbox 155 2443 313 2517; x_wconf 51' lang='lat' dir='ltr'>Nusquam¹</span> <span class='ocrx_word' id='word_1_134' title='bbox 321 2442 413 2507; x_wconf 89' lang='lat' dir='ltr'>abero,</span> <span class='ocrx_word' id='word_1_135' title='bbox 434 2451 464 2498; x_wconf 87' lang='lat' dir='ltr'>et</span> <span class='ocrx_word' id='word_1_136' title='bbox 477 2450 572 2501; x_wconf 88' lang='lat' dir='ltr'>tutum</span> <span class='ocrx_word' id='word_1_137' title='bbox 584 2443 677 2518; x_wconf 90' lang='lat' dir='ltr'>patrio</span> <span class='ocrx_word' id='word_1_138' title='bbox 690 2453 718 2500; x_wconf 87' lang='lat' dir='ltr'>te</span> <span class='ocrx_word' id='word_1_139' title='bbox 730 2445 832 2502; x_wconf 88' lang='lat' dir='ltr'>limine</span> <span class='ocrx_word' id='word_1_140' title='bbox 846 2445 942 2504; x_wconf 85' lang='lat' dir='ltr'>fistam.</span> 
     </span>
     <span class='ocr_line' id='line_1_24' title="bbox 157 2542 856 2619; baseline 0.003 -16"><span class='ocrx_word' id='word_1_141' title='bbox 157 2545 291 2603; x_wconf 79' lang='lat' dir='ltr'>Dixerat:</span> <span class='ocrx_word' id='word_1_142' title='bbox 313 2551 343 2602; x_wconf 89' lang='lat' dir='ltr'>et</span> <span class='ocrx_word' id='word_1_143' title='bbox 355 2542 443 2619; x_wconf 83' lang='lat' dir='ltr'>spiffis</span> <span class='ocrx_word' id='word_1_144' title='bbox 456 2543 545 2602; x_wconf 66' lang='lat' dir='ltr'>nodis</span> <span class='ocrx_word' id='word_1_145' title='bbox 558 2543 586 2602; x_wconf 93' lang='lat' dir='ltr'>se</span> <span class='ocrx_word' id='word_1_146' title='bbox 599 2545 727 2604; x_wconf 90' lang='lat' dir='ltr'>condidit</span> <span class='ocrx_word' id='word_1_147' title='bbox 739 2547 856 2606; x_wconf 88' lang='lat' dir='ltr'>umbris.</span> 
     </span>
     <span class='ocr_line' id='line_1_25' title="bbox 157 2644 794 2724; baseline 0 -20"><span class='ocrx_word' id='word_1_148' title='bbox 157 2647 305 2724; x_wconf 80' lang='lat' dir='ltr'>Adparent</span> <span class='ocrx_word' id='word_1_149' title='bbox 318 2645 386 2704; x_wconf 81' lang='lat' dir='ltr'>dirae</span> <span class='ocrx_word' id='word_1_150' title='bbox 401 2644 496 2715; x_wconf 82' lang='lat' dir='ltr'>facies,</span> <span class='ocrx_word' id='word_1_151' title='bbox 515 2645 688 2722; x_wconf 88' lang='lat' dir='ltr'>inimicaque</span> <span class='ocrx_word' id='word_1_152' title='bbox 700 2647 794 2724; x_wconf 84' lang='lat' dir='ltr'>Trojae</span> 
     </span>
     <span class='ocr_line' id='line_1_26' title="bbox 157 2748 512 2824; baseline -0.02 -11"><span class='ocrx_word' id='word_1_153' title='bbox 157 2749 286 2813; x_wconf 82' lang='lat' dir='ltr'>Numina</span> <span class='ocrx_word' id='word_1_154' title='bbox 300 2765 404 2824; x_wconf 83' lang='lat' dir='ltr'>magna</span> <span class='ocrx_word' id='word_1_155' title='bbox 416 2748 512 2806; x_wconf 77' lang='lat' dir='ltr'>deum.</span> 
     </span>
    </p>

    <p class='ocr_par' dir='ltr' id='par_1_4' title="bbox 158 2849 952 3130">
     <span class='ocr_line' id='line_1_27' title="bbox 196 2849 927 2931; baseline 0.004 -20"><span class='ocrx_word' id='word_1_156' title='bbox 196 2851 274 2912; x_wconf 83' lang='lat' dir='ltr'>Tum</span> <span class='ocrx_word' id='word_1_157' title='bbox 287 2867 354 2908; x_wconf 84' lang='lat' dir='ltr'>vero</span> <span class='ocrx_word' id='word_1_158' title='bbox 367 2867 452 2908; x_wconf 87' lang='lat' dir='ltr'>omne</span> <span class='ocrx_word' id='word_1_159' title='bbox 465 2849 538 2908; x_wconf 89' lang='lat' dir='ltr'>mihi</span> <span class='ocrx_word' id='word_1_160' title='bbox 551 2850 643 2910; x_wconf 89' lang='lat' dir='ltr'>visum</span> <span class='ocrx_word' id='word_1_161' title='bbox 655 2853 797 2912; x_wconf 88' lang='lat' dir='ltr'>confidere</span> <span class='ocrx_word' id='word_1_162' title='bbox 810 2854 841 2912; x_wconf 92' lang='lat' dir='ltr'>in</span> <span class='ocrx_word' id='word_1_163' title='bbox 855 2855 927 2931; x_wconf 78' lang='lat' dir='ltr'>ignia</span> 
     </span>
     <span class='ocr_line' id='line_1_28' title="bbox 169 2949 780 3032; baseline 0.01 -25"><span class='ocrx_word' id='word_1_164' title='bbox 169 2951 253 3021; x_wconf 89' lang='lat' dir='ltr'>lium,</span> <span class='ocrx_word' id='word_1_165' title='bbox 274 2960 306 3008; x_wconf 88' lang='lat' dir='ltr'>et·</span> <span class='ocrx_word' id='word_1_166' title='bbox 315 2971 352 3010; x_wconf 81' lang='lat' dir='ltr'>ea</span> <span class='ocrx_word' id='word_1_167' title='bbox 364 2949 424 3008; x_wconf 86' lang='lat' dir='ltr'>imo</span> <span class='ocrx_word' id='word_1_168' title='bbox 436 2952 508 3012; x_wconf 79' lang='lat' dir='ltr'>verti</span> <span class='ocrx_word' id='word_1_169' title='bbox 520 2951 669 3028; x_wconf 90' lang='lat' dir='ltr'>Neptunia</span> <span class='ocrx_word' id='word_1_170' title='bbox 681 2955 780 3032; x_wconf 86' lang='lat' dir='ltr'>Troja:</span> 
     </span>
     <span class='ocr_line' id='line_1_29' title="bbox 158 3051 952 3130; baseline 0.013 -22"><span class='ocrx_word' id='word_1_171' title='bbox 158 3051 203 3108; x_wconf 86' lang='lat' dir='ltr'>Ac</span> <span class='ocrx_word' id='word_1_172' title='bbox 217 3051 320 3123; x_wconf 52' lang='lat' dir='ltr'>veluti,¹</span> <span class='ocrx_word' id='word_1_173' title='bbox 335 3051 456 3116; x_wconf 83' lang='lat' dir='ltr'>summis.</span> <span class='ocrx_word' id='word_1_174' title='bbox 465 3051 614 3130; x_wconf 77' lang='lat' dir='ltr'>antiquam</span> <span class='ocrx_word' id='word_1_175' title='bbox 626 3055 657 3114; x_wconf 89' lang='lat' dir='ltr'>in</span> <span class='ocrx_word' id='word_1_176' title='bbox 670 3057 815 3116; x_wconf 81' lang='lat' dir='ltr'>montibus</span> <span class='ocrx_word' id='word_1_177' title='bbox 827 3075 926 3118; x_wconf 88' lang='lat' dir='ltr'>omum</span> <span class='ocrx_word' id='word_1_178' title='bbox 946 3081 952 3103; x_wconf 87' lang='lat'>··</span> 
     </span>
    </p>
   </div>
   <div class='ocr_carea' id='block_1_3' title="bbox 0 0 1125 3574">
    <p class='ocr_par' dir='ltr' id='par_1_5' title="bbox 0 0 1125 3574">
     <span class='ocr_line' id='line_1_30' title="bbox 0 0 1125 3574; baseline 0 0"><span class='ocrx_word' id='word_1_179' title='bbox 0 0 1125 3574; x_wconf 95' lang='lat' dir='ltr'> </span> 
     </span>
    </p>
   </div>
  </div>
 </body>
</html>
