2208 3574
109 229 220 317 unsa.
419 227 518 290 ΜΒ.
556 231 597 324 ῌ.
848 241 910 313 aaa·

113 381 388 460 Myrmidonumque
401 380 493 441 dolos:
516 384 570 443 fusr
582 404 633 462 per
645 384 750 444 moenia
762 387 868 445 Teucri

111 485 298 544 Conticuere:
319 486 401 564 sopor
413 487 495 545 fellos
505 489 692 564 conpleblitur
704 499 789 546 artus.

149 589 187 644 Et
195 586 256 664 jam
269 590 379 666 Argiva
392 590 517 666 phalanx
526 591 667 650 instrudis
680 592 799 650 navibus
813 591 893 651 ibant
918 667 920 674 J

110 690 140 746 A
152 691 280 762 Tenedo,
302 693 395 750 tacitae
406 712 458 770 per
470 695 561 753 amica
577 696 687 754 silentia
700 697 785 766 lunae,

110 792 207 852 Litora
222 805 288 854 nota
302 806 413 873 petens:
437 797 566 856 flammas
579 819 669 874 quum
683 799 761 875 regia
775 797 876 876 puppis
912 875 913 884 ἵ

109 895 273 969 Extulerat5
297 899 420 975 fatisque
434 901 520 958 delrm
534 902 666 969 defensus
679 902 794 978 iniquis,

109 995 235 1058 Inclusos
248 1011 329 1058 utero
342 1003 455 1060 Danaos
468 1013 497 1061 et
510 1004 593 1081 pinea
606 1006 714 1064 furtim
760 1019 761 1022 ’

109 1100 201 1158 Laxat
215 1103 331 1161 claustra
346 1105 447 1162 Sinon:
470 1107 543 1179 illos,
557 1110 721 1184 patefactus,
735 1111 771 1168 ad
784 1130 864 1170 auras
950 1161 953 1166 ,

109 1201 215 1260 Reddit
227 1225 325 1280 equus,
345 1207 461 1284 laetique
474 1230 542 1268 cavo
555 1212 584 1268 se
596 1215 696 1270 robore
709 1197 845 1291 promunt

108 1306 298 1366 Thessandrus
311 1311 517 1388 Sthenelusque
531 1314 624 1385 duces,
639 1327 668 1372 et
682 1317 759 1375 dirus
771 1317 883 1386 Ulixes,

108 1405 266 1468 Demiffum
280 1412 346 1488 lapsi
357 1416 528 1489 perfortem,
545 1420 731 1496 Acamasque,
740 1420 901 1496 Thoasque,

108 1509 273 1586 Pelidesque
285 1515 501 1592 Neoptolemus,
522 1523 686 1598 primusque
699 1524 852 1591 Machaon,

108 1611 147 1668 Et
159 1614 318 1684 Menelaus,
339 1628 368 1675 et
381 1619 440 1696 ipse
453 1623 511 1680 doli
525 1624 679 1682 fabricator
692 1627 792 1702 Epeos.

84 1709 86 1713 ¹
106 1713 251 1775 Invadunt
264 1723 366 1778 urbem
379 1723 477 1782 somno
490 1725 615 1803 vinoque
628 1726 767 1804 sepultam
775 1752 786 1811 ².

108 1818 266 1878 Caeduutur
279 1823 387 1899 vigiles,
407 1828 551 1904 portisque
564 1833 727 1907 patentibus
740 1834 834 1892 omnis

106 1919 268 1998 Adcipiunt
281 1923 377 1996 socios,
398 1919 483 2004 atque
496 1933 611 2008 agmina
623 1936 734 1994 conscia
743 1935 880 2014 jungunt.

144 2024 271 2101 Tempus
284 2040 353 2098 erat,
369 2051 427 2106 quo
439 2033 532 2110 prima
544 2037 624 2112 quies
637 2039 804 2098 mortalibus
817 2031 900 2116 aegris

104 2125 220 2203 ln'cipit,
240 2140 269 2187 et
282 2133 356 2190 dono
369 2135 468 2193 divum
482 2138 636 2213 gratiffima
648 2141 749 2218 serpit:
811 2161 814 2168 ·

104 2211 258 2290 Iusomnis
271 2237 349 2296 eccel
373 2247 439 2295 aute
451 2242 548 2300 oculos
563 2243 748 2303 maestiffimus
760 2247 869 2306 Hector

24 2374 27 2380 .
103 2331 189 2391 Visus
202 2336 292 2394 adelle
305 2339 387 2408 mihi,
407 2343 556 2420 largosque
568 2346 715 2410 effundere
728 2350 825 2422 fletus3

104 2433 242 2511 Raptatus
255 2440 330 2516 bigis
344 2451 377 2499 ut
390 2449 544 2520 quondam,
564 2459 680 2526 aterque
693 2463 811 2512 cruento

103 2535 230 2609 Pulvere,
251 2559 357 2618 perque
369 2549 454 2621 pedes
468 2549 597 2626 trajectus
610 2554 669 2612 lora
683 2549 830 2617 tumentis.

1 2711 2 2726 χ
103 2639 178 2697 Hei!
202 2641 284 2713 mibi,
305 2647 396 2721 qualis
409 2645 483 2708 erat’l
505 2647 646 2727 quantum
659 2667 786 2718 mutatus
799 2664 835 2719 ab
848 2661 898 2721 illo

1 2805 2 2830 3
104 2739 238 2814 Hectore,
260 2747 310 2822 qui
324 2751 398 2809 redit
411 2757 527 2813 exuvias
540 2756 657 2817 indutus
669 2762 789 2832 Achilli,
868 2761 873 2768 ’

1 2895 2 2922 ,
60 2861 62 2866 ’
103 2841 157 2900 Vel
171 2845 306 2906 Danaum
320 2853 455 2931 Phrygios
464 2857 606 2933 jaculatus
618 2864 762 2939 puppibus
775 2867 863 2942 ignisl

1 2939 2 2954 ¹
23 2997 25 3002 ,
102 2945 286 3020 squalentem
299 2955 424 3028 barbam,
445 2971 474 3018 et
487 2973 632 3022 concretos
646 2967 784 3043 sanguine
801 2971 897 3040 crinis,

1 3123 2 3142 Χ
101 3047 283 3127 volneraque
293 3053 342 3113 illa
354 3077 463 3135 gerens,
473 3084 537 3139 quae
549 3067 658 3126 circum
668 3070 793 3146 plurima
802 3091 899 3134 muros

101 3149 226 3230 Adcepit
238 3157 352 3232 patrios.
393 3163 479 3224 Ultro
491 3160 562 3228 flens
575 3170 635 3250 ipse
647 3173 766 3236 videbar
875 3175 880 3182 '¹
