2194 3584
174 252 214 304 ⁵0
409 245 739 316 GEORGICON‚
865 251 975 304 ΗΜ.

175 401 291 478 Semper
303 399 360 460 sole
373 403 486 471 rubens,
506 413 536 460 et
549 402 660 462 torrida
674 402 783 478 semper
794 403 831 460 ab
843 400 920 478 igni:

176 503 274 561 Quem
288 503 398 574 circum
410 513 546 562 extremae
559 506 659 562 dextri
671 505 799 580 levique
812 504 975 573 trahuntur,

175 605 304 664 Caerules
317 606 408 682 glacie
421 617 571 677 concretae,
591 618 676 685 atque
690 607 829 666 imbribus
842 607 918 666 atris.

173 709 235 766 Has
248 707 322 766 inter
335 708 516 785 mediamque
529 711 602 778 duae,
622 709 789 768 mortalibus
802 711 884 786 aegris

174 811 297 868 Munere
311 811 447 869 concessae
460 812 573 870 divom:
595 813 641 870 via
656 812 729 872 setta
741 831 793 889 per
805 815 911 880 ambas,

173 911 316 988 Obliquus
329 914 385 989 qud
399 913 427 970 se
440 914 586 990 signorum
599 925 720 973 verteret
732 916 812 974 ordo.

173 1015 303 1073 Mundus
315 1025 349 1074 ut
361 1017 398 1073 ad
408 1017 554 1093 Scythiam
565 1017 755 1094 Rhipaeasque
768 1019 871 1078 arduus
883 1017 954 1076 arcis
977 1035 979 1040 ·

174 1118 338 1195 Consurgit,
359 1119 500 1196 premitur
512 1121 612 1197 Libyae
625 1121 755 1183 devexus.
761 1119 792 1178 in
807 1121 933 1180 Austros.

173 1221 233 1278 Hic
246 1231 345 1279 vertex
357 1221 438 1280 nobis
451 1223 561 1298 semper
573 1221 719 1293 sublimis3
740 1233 771 1280 at
783 1223 876 1290 illurn,
970 1239 977 1286 '.

173 1324 232 1382 Sub
243 1323 373 1400 pedibus,
394 1326 464 1400 Styx
477 1335 537 1382 atra
550 1325 627 1383 videt
638 1327 796 1403 Manesque
808 1325 952 1402 profundi.

172 1425 329 1484 Maxumus
342 1426 390 1484 hic
403 1427 482 1484 flexu
494 1427 604 1485 sinuoso
616 1428 739 1486 elabitur
752 1429 866 1506 Anguis

173 1529 292 1588 Circum
303 1550 410 1607 perque
423 1533 501 1599 duas,
515 1531 548 1588 in
559 1551 669 1590 morem
681 1533 818 1604 fluminis,
832 1528 951 1614 Attiou
973 1557 976 1564 ·

172 1632 275 1690 Areios
288 1613 398 1691 oceani
411 1635 566 1692 metuentis
579 1655 692 1711 aequore
704 1635 808 1713 tingui.

172 1735 246 1804 Illic,
267 1744 301 1792 ut
313 1735 475 1811 perhibent,
495 1746 545 1794 aut
557 1737 724 1815 intempesta
738 1739 800 1797 filet
812 1759 871 1799 nox

173 1839 298 1914 Semper,
318 1848 348 1896 et
358 1840 475 1897 obtenti
488 1839 643 1898 densentur
655 1842 738 1900 noete
752 1845 892 1914 tenebre,
913 1869 915 1874 ’

171 1941 235 1998 Aut
247 1940 321 1998 redit
334 1960 350 1999 a
364 1942 444 2000 nobis
457 1943 580 2014 Aurora,
602 1943 735 2020 diemque
748 1945 872 2004 reducit:

172 2045 293 2120 Nosque
305 2045 356 2104 ubi
369 2045 478 2121 primus
490 2047 571 2122 equis
582 2047 687 2105 Oriens
700 2049 817 2107 adflavit
831 2049 948 2118 anhelis,

72 2197 74 2204 χ
171 2147 233 2204 Illis
246 2146 422 2206 sera'rubens
434 2148 569 2206 adcendit
581 2149 692 2208 lumina
704 2151 821 2227 Vesper.

171 2249 252 2306 Hinc
266 2251 443 2326 tempestates
455 2251 544 2308 dubio
557 2252 721 2328 praediscere
733 2253 806 2312 coelo

170 2351 327 2421 Possumus,
339 2351 408 2410 hinc
419 2353 568 2429 meffisque
580 2355 658 2412 diem
669 2363 837 2432 tempusque
847 2357 954 2415 serendi
961 2365 978 2429 ς’

170 2455 208 2510 Et
219 2455 333 2530 quando
345 2454 469 2512 infidum
482 2457 567 2514 remis
580 2456 716 2534 inpellere
731 2477 856 2516 mannos

170 2555 345 2627 Conveniat3
368 2557 483 2631 quando
495 2569 618 2616 armatas
631 2561 772 2618 deducere
787 2560 891 2632 claffis;

171 2660 234 2715 Aut
246 2657 442 2734 tempestivam
454 2659 486 2716 in
499 2657 581 2720 srlvis'
587 2672 713 2722 evertere
726 2663 837 2740 pinum.

207 2760 272 2818 Nec
282 2761 382 2820 flustra
394 2755 539 2838 signorum
552 2762 646 2822 obitus
654 2763 834 2840 speculamur
844 2774 874 2824 et
884 2772 971 2834 ortus,

78 2909 80 2918 ,
167 2863 415 2940 Temporibusque
426 2883 525 2941 parem
538 2865 652 2924 diverfis
666 2876 788 2943 quatuor
800 2887 919 2928 annum.
935 2893 938 2904 „

168 2965 301 3041 Frigidus
314 2966 471 3042 agricolam
484 2966 504 3024 fi
519 2969 634 3042 quando
647 2969 779 3026 continet
789 2969 892 3039 imber,

167 3067 273 3137 Multa,
294 3069 390 3126 forent
403 3089 468 3145 quae
479 3089 547 3128 mox
561 3071 635 3128 coelo
648 3073 822 3148 properanda
835 3073 942 3143 sereno,
957 3097 959 3102 ·

167 3170 317 3230 Maturare
329 3172 426 3230 datur:
448 3173 552 3232 durum
562 3174 697 3250 procudit
710 3185 803 3236 arator

253 3498 371 3564 A
