2208 3574
45 207 49 218 ’
151 204 266 256 .v.52³.
464 200 562 258 LIB.
602 201 641 258 11.
674 200 677 206 ’
895 205 952 258 233

153 351 230 409 -Huc
243 353 359 411 tandem
371 356 506 412 concede:
529 355 590 412 haee
603 373 651 412 ara
667 353 794 418 tuebitur
805 353 912 424 emin

162 453 225 512 Aut
238 454 359 512 moriere
372 455 462 514 simul.
503 455 549 513 Sic
562 475 610 513 ore
622 455 718 524 effata,
738 455 846 532 decepit

162 555 211 613 Ad
222 554 288 625 sese,
309 565 339 613 et
351 555 427 614 saera
440 557 602 633 longaevum
615 557 724 616 insede
736 557 851 614 locavit.

201 657 288 714 Ecce!
313 665 420 726 autem,
441 658 550 716 elabsus
563 658 663 734 Pyrrhi
676 659 712 716 de
725 659 811 726 caede,
832 656 943 725 Polites}

161 759 245 816 Unus
259 767 391 816 natorum
404 759 517 829 Priami,
536 778 587 836 per
600 760 666 830 tela,
685 779 736 837 per
747 759 842 829 hostis,

163 859 320 918 Porticibus
331 861 426 936 longis
439 861 524 937 fugit,
545 871 575 919 et
586 881 678 920 vacua
690 861 762 919 atria
774 861 873 918 lustrat

161 962 287 1021 Saucius.
327 963 424 1030 Illum,
438 964 546 1030 ardens,
558 963 660 1020 infesto
673 963 787 1021 volnere
800 963 921 1038 Pyrrhus

160 1063 333 1140 Insequitur,
355 1063 417 1140 jam
435 1063 552 1142 jamque
574 1084 663 1123 mann
685 1073 772 1135 tenet,
797 1074 826 1122 et
849 1063 955 1141 premit

237 1165 324 1222 hasti.

160 1267 205 1324 Ut
218 1267 333 1324 tandem
346 1275 414 1324 ante
427 1267 521 1324 oculos
534 1269 620 1326 evasit
632 1275 663 1324 et
675 1287 722 1325 ora
735 1274 896 1343 parentum,

162 1367 306 1436 Concidit,
326 1387 359 1426 ac
372 1369 464 1426 multo
477 1369 568 1427 vitam
581 1388 647 1426 cum
660 1369 798 1445 sanguine
810 1369 896 1427 fudit.

160 1469 219 1527 Hic
233 1470 368 1539 Priamus,
388 1489 561 1547 quamquam
572 1471 604 1528 in
622 1470 717 1528 medii
725 1469 787 1547 jam
805 1478 897 1528 morte
910 1479 953 1528 te-

237 1580 330 1640 netur,

161 1673 230 1731 Non
244 1681 340 1730 tamen
354 1673 498 1745 abstinuit,
518 1693 572 1731 nec
584 1673 647 1731 voci
660 1673 766 1750 irasque
778 1673 918 1752 pepercit:

160 1775 203 1832 At
216 1773 269 1830 tibi
282 1793 333 1850 pro
344 1773 457 1844 scelere,
477 1776 627 1844 exclamat,
646 1793 698 1850 pro
716 1775 820 1832 talibus
832 1775 912 1846 aulis,
963 1789 968 1796 ·

159 1876 209 1944 Di,
230 1877 249 1932 fi
264 1895 319 1950 qua
333 1877 373 1933 est
385 1877 456 1934 eoelo
470 1876 568 1953 pietas,
589 1896 653 1952 quae
667 1876 733 1934 talia
746 1885 836 1948 curet,
943 1850 958 1883 Ἰ

159 1976 320 2034 Persolvant
334 1985 426 2053 grates
439 1977 548 2053 dignas,
568 1988 598 2035 et
611 1978 728 2054 praemia
741 1979 861 2036 reddant
935 1977 942 1988 ’

158 2077 278 2135 Debita:
300 2077 351 2152 qui
364 2077 425 2136 nati
437 2097 532 2136 coram
544 2098 591 2137 me
605 2099 718 2137 cernere
731 2080 822 2138 letum

159 2179 269 2260 Fecisti,
291 2189 320 2237 et
333 2179 437 2258 patrios
450 2180 561 2238 soedasti
573 2173 674 2238 funere
687 2181 789 2239 voltus.

159 2282 202 2340 At
215 2300 273 2338 non
285 2281 343 2348 ille,
364 2281 456 2338 saturn
470 2301 526 2357 quo
540 2291 569 2338 te
582 2282 721 2350 mentiris,
741 2282 871 2342 Achilles

159 2385 239 2443 Talis
249 2384 280 2441 in
293 2385 371 2442 hoste
383 2384 441 2442 fuit
451 2385 562 2442 Priamo
566 2409 574 2454 5
596 2385 644 2442 sed
653 2383 718 2460 jura
731 2385 876 2460 fidemque

160 2487 299 2564 Supplicia
312 2486 435 2555 erubuit,
455 2504 612 2562 corpusque
624 2485 766 2562 exsangue
779 2485 906 2562 sepulcro

160 2589 297 2648 Reddidit
308 2589 491 2656 Hedloreum,
504 2607 607 2663 meque
616 2587 648 2644 in
659 2606 723 2645 mea
736 2605 823 2663 regna
834 2587 950 2646 remisu.

160 2693 206 2751 sic
218 2694 295 2750 satus
308 2691 408 2761 senior,
429 2691 575 2766 telumque
587 2689 694 2748 inbelle
706 2691 765 2748 fine
777 2689 838 2748 istu

160 2794 305 2872 Conjeeit3
326 2813 410 2852 rauco
422 2795 508 2870 qnod,
527 2793 657 2868 protinus
669 2810 724 2850 aere
737 2792 890 2869 repulsum,

150 2899 205 2978 Ex
216 2897 327 2954 summo
340 2895 425 2974 clipei
439 2895 632 2972 nequidquam
648 2897 774 2952 umbone
786 2894 932 2971 pependit.

159 2999 217 3058 Cui
231 2999 365 3075 Pyrrhus:
389 2998 502 3056 Referes
515 3015 583 3074 ergo
597 2997 666 3066 haec,
686 3007 715 3055 et
728 2998 846 3056 nuntius
857 2996 920 3066 ibis,
938 3013 941 3018 ·

160 3102 263 3161 Pelidae
275 3101 411 3180 genitori:
434 3100 476 3158 illl
490 3117 554 3158 mea
572 3097 661 3168 tristia
673 3099 756 3170 fasta,
