2236 3584
176 225 215 294 94
411 211 736 298 crolnoroon,
868 223 975 297 tura

176 373 331 452 Lanigero
344 373 452 452 agitare
465 391 574 450 greges,
585 373 738 452 hirtasque
751 378 880 454 capellas.

175 479 257 536 Hinc
268 479 363 550 labor3
385 478 453 535 hine
465 477 582 535 laudem
593 479 679 537 sortes
692 479 802 557 sperate
815 482 923 540 colono

174 583 239 640 Neo
252 581 316 639 sum
328 581 416 640 animi
429 581 543 651 dubius,
556 583 649 640 verbis
661 599 695 640 ea
707 583 821 642 vincere
833 605 974 662 magnum
1098 619 1099 626 κ

175 686 274 744 Quam
287 687 331 754 srt,
344 695 373 742 et
386 685 510 762 angustis
523 685 591 742 binc
604 687 707 745 addere
717 689 802 745 rebus
814 689 962 748 honorem.

174 791 229 848 Sed
241 809 289 848 me
302 790 413 848 Pamasr
426 789 535 872 deserta
549 791 699 865 perardua
712 791 803 848 dulcis

173 895 281 970 Raptat
292 911 387 950 amor:
405 891 489 970 juvat
501 893 543 949 ire
552 892 639 969 jugis,
659 894 717 969 qud
731 895 810 953 nulla
823 895 952 973 priorum

173 985 325 1055 Castaliam
338 995 418 1054 molli
432 997 589 1054 devertitur
601 997 698 1054 orbita
707 998 789 1056 clivo.

173 1102 271 1169 Nunc,
279 1100 438 1158 veneranda
446 1099 533 1168 Pales,
543 1119 650 1176 magno
660 1117 738 1158 nunc
746 1121 794 1158 ore
803 1085 970 1162 sonandum.

179 1233 181 1240 ,
204 1188 363 1279 incipiens,
384 1203 498 1262 nabun
511 1203 592 1260 erico
605 1203 636 1260 in
649 1205 784 1262 moruus
798 1205 916 1264 nerum

172 1310 296 1384 Carpere
309 1307 378 1378 ovis,
392 1308 463 1364 dum
475 1319 544 1364 'mox
561 1307 693 1365 frondosa
705 1309 851 1367 reducitur
863 1311 940 1370 aestas
946 1337 956 1384 3

173 1413 211 1469 Et
224 1411 315 1469 multi
329 1412 430 1470 duram
444 1411 546 1487 stipula
559 1411 725 1488 filicumque
738 1413 872 1490 manipiis

172 1517 302 1574 Sternere
315 1516 411 1574 subter
423 1514 555 1583 humum,
575 1515 679 1591 glacies
692 1533 728 1573 ne
741 1516 846 1592 frigida
859 1517 945 1576 laedat

171 1619 264 1677 Molle
277 1637 371 1706 pecuq,
384 1617 564 1695 scabiemque
577 1618 651 1676 ferat
664 1619 810 1696 turpisque
820 1621 969 1698 podagrasa

172 1723 243 1792 Posi,
263 1722 331 1780 hinc
344 1721 490 1798 digressus}
506 1719 595 1799 jubeo
606 1722 769 1781 frondentia
782 1725 872 1801 capris
905 1767 908 1772 .

171 1828 284 1886 Arbuta
296 1824 436 1894 sufficere,
456 1835 486 1884 et
498 1825 600 1882 fluvios
614 1828 740 1901 praebere
753 1827 887 1898 recentis;

171 1932 209 1990 Et
222 1931 330 1988 stabula
344 1949 360 1987 a
372 1929 465 1988 ventis
477 1927 599 2010 hiberno
612 1947 754 2006 opponere
767 1929 829 1999 soli,

170 2037 220 2093 Ad
232 2030 362 2092 medium¹
372 2032 509 2095 conversa
522 2033 612 2090 diem:
635 2038 730 2108 quum'
738 2033 860 2109 frigidus
872 2035 943 2093 oiim

169 2140 236 2217 Jam
248 2137 334 2206 cadit,
354 2145 538 2212 extremoque
551 2136 659 2194 inrorat
671 2137 817 2212 Aquarius
829 2155 914 2197 anno.
999 2167 1001 2172 x

169 2243 226 2301 Hae
239 2259 354 2318 quoque
368 2257 427 2298 non
440 2241 507 2298 cura
520 2240 602 2297 nobis
612 2240 719 2321 ieviore
734 2241 856 2311 tuendae,

169 2347 234 2404 Nec
246 2345 341 2402 minor
353 2344 419 2401 usus
432 2344 501 2404 erit:
524 2346 654 2419 quamvis
666 2345 779 2402 Milefia
792 2361 899 2422 magno

169 2449 283 2506 Vellera
296 2456 446 2506 mutentur
456 2448 560 2524 tyrios
572 2449 681 2506 incodia
695 2449 818 2518 rubores,

169 2547 290 2611 Densior
302 2551 371 2610 hine
383 2551 508 2622 suboles3
531 2552 600 2609 binc
613 2552 685 2629 largi
698 2553 779 2630 copia
792 2553 880 2612 lanis.

136 2687 139 2696 ·
170 2657 269 2715 Quam
282 2655 373 2733 magis
385 2655 521 2714 exhausto
537 2655 711 2733 spumaverit
724 2659 811 2714 ubere
823 2657 953 2728 multon,

169 2762 249 2844 Laeta
262 2761 354 2837 magis
364 2759 460 2838 preffis
473 2762 631 2818 manabunt
644 2760 766 2818 flumina
778 2761 917 2820 mammis.
956 2750 959 2754 ’

169 2865 234 2922 Nec
246 2863 341 2921 minus
353 2863 463 2922 interea
477 2865 578 2922 barbas
589 2863 750 2940 incanaque
762 2873 861 2922 menta

169 2967 308 3044 Cinyphii
322 2969 442 3026 tondent
454 2968 537 3038 hirci,
558 2967 695 3044 saetasque
708 2969 856 3038 comantis,

170 3071 264 3128 Usum
276 3071 307 3128 iu
320 3073 482 3142 castrorum,
502 3081 532 3128 et
545 3071 653 3129 miseris
666 3071 808 3130 velamina
821 3073 925 3130 nautis.

170 3173 326 3233 Pascuntur
337 3195 405 3236 vero
418 3175 507 3246 suras,
527 3183 558 3236 et
572 3174 682 3233 summa
696 3175 801 3252 Lycaei,
