2236 3584
141 239 252 320 aea-r,
433 231 532 290 Lis.
571 231 625 292 lv.
885 235 960 306 ras„

142 385 267 461 Gurgite
279 403 370 461 quum
382 387 479 445 medio
491 364 607 464 portans
621 384 762 464 (Eagrius
774 385 891 444 Hebrus

142 488 289 556 volveret,
310 489 473 564 Eurydicen
485 509 542 548 vox
554 489 624 566 ipsa,
643 499 674 546 et
686 487 792 565 frigida
802 487 911 562 lingua,

143 590 194 659 Ab
208 589 341 648 miseram
355 591 533 668 Eurydicen!
557 591 654 649 animi
666 589 797 666 fugiente
810 591 928 648 vocabat
933 611 943 662 3

143 690 307 768 Eurydicen
322 701 383 750 toto
397 694 560 752 referebant
572 693 693 750 flumine
706 693 784 768 ripae.
835 709 837 713 ·
934 709 937 716 ·

183 794 256 850 Haec
270 795 387 852 Proteus
394 819 402 865 3
418 803 447 852 et
460 794 489 852 se
497 793 577 872 jasiu
589 795 670 852 dedit
683 813 779 870 aequm
792 795 823 851 in
836 793 942 852 altum:

146 895 272 972 Quique
280 896 368 964 dedit,
378 895 559 972 spumantem
567 898 675 954 undam
685 895 847 954 subvertice
855 895 944 954 torsit.

144 999 189 1056 At
202 1015 263 1055 non·
274 999 402 1075 Cyrene:
426 1018 550 1074 namque
562 999 638 1056 ultro
654 998 750 1056 adfata
764 993 929 1056 timentem:

185 1101 272 1170 Nate,
293 1101 362 1158 licet
377 1100 460 1158 tristis
474 1101 571 1158 animo
584 1097 726 1178 deponere
738 1119 828 1158 curas.

145 1204 219 1261 Haec
229 1203 321 1260 omnis
330 1199 422 1260 morbi
430 1203 521 1260 caussa
528 1228 536 1274 3
546 1203 614 1260 hinc
622 1201 943 1280 miserabileNyn'rphae,

146 1305 223 1370 Cum
237 1303 340 1380 quibus
353 1305 403 1362 illa
417 1305 517 1364 choros
530 1305 601 1364 lucis
614 1306 742 1382 agitabat
754 1306 786 1362 in
799 1305 874 1375 altis,

146 1405 279 1464 Exitium
292 1406 393 1464 misere
407 1408 520 1484 apibus:
544 1418 577 1465 tu
589 1426 707 1466 munera
720 1407 841 1485 supplex

146 1509 248 1592 Tende
261 1518 360 1585 petens
378 1527 488 1586 pacem,
507 1519 537 1567 et
549 1509 648 1568 faciles
660 1529 794 1568 venerare
807 1511 944 1587 Napaeas3

148 1610 283 1686 Namque
297 1611 407 1668 dabunt
419 1611 533 1670 veniam
544 1611 628 1683 votis,
641 1612 754 1688 irasque
766 1613 929 1672 remittent..

149 1713 212 1780 Sed,
233 1715 335 1770 modus
349 1713 446 1771 orandi
460 1715 511 1790 qui
525 1715 568 1783 sit,
588 1713 667 1792 prius
679 1714 779 1772 ordine
792 1713 896 1774 dicam.

150 1813 284 1872 Quatuor
296 1815 418 1873 eximios
430 1803 573 1892 praestanti
585 1835 701 1894 corpore
715 1825 820 1884 tauros,

150 1917 213 1974 Qui
226 1917 281 1974 tibi
294 1937 371 1975 nunc
383 1917 482 1975 viridis
495 1919 649 1995 depascunt
662 1919 773 1976 summa
787 1917 894 1996 Lycaei,

148 2019 264 2096 Delige,
285 2029 314 2078 et
327 2019 434 2078 tanea
448 2020 568 2078 totidem
582 2020 695 2080 cervice
700 2019 847 2098 juvencas.

151 2113 288 2180 Quatuor'
298 2123 343 2179 his
356 2141 416 2180 aras
429 2121 486 2180 alta
500 2122 536 2180 ad
549 2122 667 2204 delubra
679 2124 797 2181 dearum

150 2226 308 2296 Constitue,
327 2237 358 2283 et
370 2226 480 2284 sacrum
488 2225 600 2304 jugulis
613 2226 734 2284 demitte
746 2245 894 2298 cruorem3

151 2329 333 2404 corporaque
346 2328 405 2405 ipsa
419 2329 506 2385 bourn
521 2327 654 2386 frondoso
666 2329 761 2386 desere
773 2329 850 2390 luco.

150 2431 293 2500 Post„ubi
307 2449 381 2488 nona
396 2429 459 2487 suos
473 2431 585 2490 Aurora
597 2431 750 2489 ostenderit
762 2441 850 2499 ortus,

150 2533 272 2592 Inferias
286 2533 406 2610 Orphei,
427 2533 543 2591 Lethaea
556 2553 703 2610 papavera,
723 2535 834 2606 mittes3

152 2635 296 2694 Placatam
310 2635 472 2712 Eurydicen
484 2635 576 2693 vituli
588 2638 758 2694 venerabere
771 2637 850 2706 cart,

152 2739 191 2795 Et
204 2737 316 2814 nigram
329 2737 465 2795 nunciabis
478 2757 570 2806 ouem,
590 2738 746 2814 lucumque
758 2738 870 2796 revises.

191 2839 279 2897 Haud
292 2859 388 2910 mora3
409 2838 548 2896 continuo
561 2840 659 2897 matris
674 2849 815 2916 praecepta
829 2839 946 2898 saceffitr

152 2941 203 2998 Ad
216 2939 332 2999 delubra
345 2941 438 3012 venit3
459 2941 624 2998 monstratas
636 2941 744 3000 excitat
756 2961 815 3000 aras
821 2968 830 3014 3

155 3045 289 3102 Quatuor
301 3043 422 3100 exinrios
435 3043 577 3118 praestanti
590 3061 706 3118 corpore
720 3053 814 3101 tauros

153 3145 253 3216 Ducit,
266 3154 294 3204 et
308 3144 413 3204 intadd
427 3143 548 3202 totidem
560 3145 669 3208 cervice
678 3144 822 3230 juvencas.
