2194 3584
215 181 234 232 2
450 174 754 248 BUCOLICA,
871 183 1003 234 varum.

215 327 314 403 Usque
327 329 397 386 adeo
410 333 539 390 turbatur
551 331 639 409 agris:
662 332 714 390 enl
730 332 789 408 ipse
801 330 921 407 capellas

217 431 351 488 Protenus
364 443 439 508 aeger'
451 452 505 510 ago
510 459 518 505 3
540 434 615 492 hanc
625 434 712 492 etiam
725 433 783 502 vix,
793 423 903 510 Tityre,
916 431 1005 488 duco:

216 533 285 601 Hie,
302 533 377 591 inter
390 535 488 594 densas
501 537 618 605 corulos,
631 537 715 594 modo
729 553 852 610 namque
866 533 1008 610 gemellos,

217 635 302 711 Spem
315 637 416 712 gregis,
434 638 487 696 ah!
508 637 585 705 filice
596 638 628 696 in
640 639 718 697 nuda
728 637 851 696 connum
863 635 989 710 reliquit.

217 738 296 814 Saepe
308 740 415 796 malum
428 739 483 796 hoe
497 739 587 809 nobis,
606 741 719 798 fimens
733 757 791 797 non
803 737 873 796 laeva
887 737 990 804 suisset,

216 840 263 896 De
275 841 346 898 coelo
359 841 444 900 tabiae
457 842 578 900 memini
590 841 741 918 praedicere
754 859 882 917 quercus.

218 941 272 999 Sed
286 951 389 1012 tamen,
408 941 459 1000 iste
472 945 540 1004 deus
553 944 604 1019 qui
617 945 659 1012 fit,
680 944 724 1013 da,
743 941 853 1020 Tityre,
874 935 965 999 nobis'.

218 1085 220 1090 .
541 1065 684 1106 aternus.

216 1146 335 1214 Urbem,
355 1165 441 1222 quam
454 1147 554 1204 dicunt
567 1149 696 1216 Romam,
715 1148 861 1214 Meliboee,
880 1121 978 1222 putavi

216 1246 322 1304 Stultus
336 1266 389 1324 ego
403 1247 470 1305 huic
484 1249 582 1307 nostrae
596 1250 723 1318 fimilem,
737 1269 794 1326 quo
806 1249 878 1326 saepe
891 1247 1009 1305 solemus

216 1347 338 1406 Pastores
351 1349 447 1408 ovium
460 1359 568 1409 teneros
581 1351 718 1430 depellere
731 1352 814 1408 fetus.

217 1449 263 1506 Sic
277 1450 394 1508 canibus
407 1449 513 1508 catulos
526 1451 632 1521 srmilis,
653 1454 690 1510 fic
702 1441 838 1510 matribus
851 1453 956 1522 haedos,

218 1551 327 1609 Noram
331 1577 340 1624 3
363 1553 406 1610 fio
413 1553 505 1630 parvis
519 1573 675 1630 conponere
688 1573 791 1630 magna
804 1555 936 1613 solebam.

215 1655 325 1712 Verum
338 1655 399 1712 haec
412 1666 525 1714 tantum
538 1657 605 1714 alias
618 1657 693 1714 inter
705 1668 790 1734 caput
801 1657 905 1714 extulit
919 1655 1006 1724 urbia,

218 1751 370 1817 Quantum
381 1759 459 1817 lenta
472 1760 562 1822 solent
574 1759 649 1818 inter
662 1760 784 1818 viburna
797 1759 923 1836 cupreffi.

247 1915 250 1920 .
267 1849 270 1854 ¹
379 1851 382 1860 ’
528 1857 703 1919 ueniamus.

215 1965 254 2022 Et
267 1983 330 2039 quae
344 1973 422 2022 tanta
435 1963 491 2022 fuit
504 1965 625 2022 Romam
638 1963 692 2021 tibi
705 1963 796 2022 cautla
808 1961 941 2021 videndi?

538 2083 683 2124 rrrrnue.

216 2146 364 2226 Libertas!
379 2187 453 2244 quae,
472 2167 540 2235 sera,
561 2177 656 2225 tamen
669 2167 791 2244 respexit
802 2167 925 2226 inertem

216 2269 380 2338 Candidior,
392 2263 538 2346 postquam
551 2268 680 2326 tondenti
693 2272 778 2331 barba
792 2271 922 2328 cadebat:

215 2372 350 2450 Respexit
363 2383 467 2440 tamen,
487 2381 516 2428 et
528 2372 614 2447 longo
626 2371 685 2448 post
699 2382 823 2448 tempore
835 2371 923 2440 venit,

215 2475 364 2550 Postquam
376 2488 426 2531 nos
440 2473 593 2550 Amaryllis
606 2470 701 2541 habet,
720 2474 837 2531 Galatea
850 2473 975 2550 reliquit.
999 2505 1002 2510 ·

215 2577 358 2651 Namque,
378 2576 488 2632 fatebor
500 2574 587 2643 enlm,
607 2576 676 2632 dum
688 2592 735 2632 me
748 2575 865 2633 Galatea
879 2578 1003 2644 tenebat.
1055 2579 1056 2593 ¹

214 2679 280 2736 Nec
293 2678 352 2755 spes
364 2673 502 2734 libertatis
514 2686 583 2744 erat,
603 2693 656 2732 nec
670 2695 737 2734 cura
749 2677 855 2753 peculi:
963 2711 967 2720 κ
1054 2749 1055 2759 ¹

217 2779 357 2838 Quamvis
370 2777 459 2836 multa
473 2778 544 2835 meis
556 2777 648 2835 exiret
658 2777 774 2836 vibtima
787 2778 879 2855 saeptis

215 2881 340 2957 Pinguis,
361 2890 390 2938 et
401 2880 520 2957 ingratae
532 2888 707 2956 premeretur
718 2879 811 2937 caseus
824 2881 898 2949 urbi,

212 2983 284 3042 Non
311 3001 448 3057 umquam
472 2981 564 3059 gravis
586 2999 641 3040 aare
666 2981 783 3040 domum
808 2982 882 3040 mihi
907 2984 1009 3042 dextra
1052 3041 1053 3050 ἢ

293 3084 412 3143 redibat.
861 3089 864 3096 ’
