2208 3574
180 203 239 283 aon
440 209 713 280 murrinos,
864 217 979 282 susq.

179 361 295 428 Cornua
308 362 465 424 velatarum
478 367 652 424 obvertimus
666 374 864 432 antennarum,

178 461 430 541 Grajugenumque
438 468 535 525 domos
542 468 723 544 suspedtaque
730 465 888 542 linquimus
897 483 975 526 arva.

218 565 296 624 Hinc
310 566 384 624 finus
398 569 543 637 Herculei,
563 569 668 627 fivera
676 568 715 626 est
728 568 815 635 fama,
827 567 947 624 Tarenti

179 666 322 730 Cernitur.
362 670 486 732 Adtollit
499 671 527 728 se
539 670 604 728 diva
619 669 735 728 Lacinia
748 679 856 737 contra,

178 766 370 844 Caulonisque
383 789 467 838 arces,
487 781 517 828 et
530 772 711 848 navifragum
724 771 900 848 Scylaceum.
962 781 965 790 '

174 869 254 926 Tum
265 872 365 946 procul
378 891 394 928 e
407 873 499 930 flustu
510 874 658 932 Trinacria
670 874 796 932 cernitur
808 875 908 941 AEtna,

177 971 215 1028 Et
228 971 369 1046 gemitum
381 974 530 1050 ingentem
541 976 647 1052 pelagi,
668 976 834 1052 pulsataque
847 976 912 1034 saxa
961 1021 964 1032 r

135 1077 137 1082 '
176 1071 320 1132 Audimus
332 1075 426 1151 longe,
446 1077 605 1154 frastasque
617 1079 654 1135 ad
666 1077 750 1136 litora
764 1096 859 1148 voces3

175 1175 381 1254 Exsultantque
393 1180 474 1250 vada,
495 1187 581 1256 atque
593 1181 660 1238 aestu
673 1181 827 1238 miscentur
839 1199 941 1240 arenae.
962 1251 965 1258 ν

174 1278 211 1334 Et
224 1289 305 1354 pater
317 1280 469 1338 Anchises:
491 1281 641 1340 Nimirum
651 1258 715 1340 'hac
729 1283 779 1339 illa
792 1281 967 1359 Charybdim

173 1381 239 1446 Hos,
248 1383 377 1441 Helenus
392 1383 530 1460 scopulos,
549 1383 611 1444 haec
628 1384 695 1442 saxa
713 1384 862 1456 horrenda,
883 1403 968 1442 cane-

252 1485 310 1552 bat.

172 1583 290 1662 Eripite,
310 1606 329 1644 o
342 1585 422 1644 socii!
444 1588 607 1664 pariterque
618 1588 758 1666 insurgite
772 1591 865 1648 remis.

171 1689 259 1747 Haud
270 1690 365 1748 minus
378 1710 411 1748 ac
420 1690 485 1767 juffi
500 1691 622 1750 saciuut:
638 1692 803 1769 primusque
814 1693 965 1752 rudentem

172 1791 315 1851 Contorfit
328 1793 411 1850 laevas
423 1811 536 1868 proram
550 1794 696 1852 Palinurus
708 1795 745 1852 ad
757 1796 847 1852 undas
854 1821 863 1866 3

171 1893 286 1963 Laevam
299 1895 401 1952 cuneta
414 1895 512 1952 cohors
526 1895 619 1965 remis,
640 1895 804 1971 ventisque,-
819 1895 931 1972 petivit.

169 1994 312 2066 Tollimur
323 1996 354 2052 in
369 1997 473 2054 coelum
487 2001 604 2055 curvato
617 1989 739 2074 gurgite,
759 2007 790 2054 et
801 1998 879 2056 idem
961 2003 962 2010 ’

170 2097 313 2159 Subducta
325 2099 361 2156 ad
374 2098 471 2156 Manis
483 2099 555 2156 imos
569 2099 720 2156 desidimus
733 2099 819 2157 unda.

169 2199 228 2259 Ter
240 2200 346 2276 scopuli
360 2201 514 2258 clamorem
527 2200 602 2258 inter
612 2219 681 2258 cava
693 2201 759 2258 saxa
772 2201 889 2273 dedere
916 2239 920 2245 -

168 2300 227 2356 Ter
239 2300 368 2376 spumam
381 2302 488 2370 elisam,
508 2311 538 2358 et
550 2301 675 2370 rorantia
687 2303 811 2361 vidimus
824 2303 902 2361 astra.

73 2395 84 2412 ⁴
137 2451 141 2458 .
169 2402 376 2460 Interea'fessos
388 2411 489 2460 ventus
502 2422 568 2460 cum
583 2403 645 2462 sole·
654 2403 769 2481 reliquit
774 2409 784 2474 ς’

167 2503 322 2580 Ignarique
335 2503 388 2562 viae
401 2505 562 2580 Cyclopum
576 2505 735 2566 adlabimur
747 2506 812 2575 oris.

173 2635 183 2672 ·,
207 2608 306 2664 Portus
318 2608 354 2664 ab
367 2605 478 2666 adoeffu
490 2615 640 2664 ventorum
653 2607 788 2678 inmotus,
802 2617 833 2665 et
844 2608 946 2686 ingens

166 2707 243 2784 Ipse5
266 2708 313 2768 sed
325 2708 465 2768 horrificis
474 2707 557 2784 juxta
570 2717 651 2766 tonat
663 2709 756 2766 AEtna
769 2709 868 2780 ruinis,
957 2765 959 2768 .

166 2811 370 2886 Interdumque
383 2819 472 2868 atram
484 2810 643 2887 prorumpit
655 2812 691 2868 ad
703 2811 808 2870 aethera
822 2814 938 2884 nubem,

165 2913 295 2976 'lllrbine
308 2914 468 2974 mmautem
481 2912 571 2989 piceo,
590 2922 621 2970 et
633 2914 772 2970 candente
785 2913 898 2972 favilla:
956 2913 960 2922 ’

165 3013 456 3091 Adtollitqueglobos
468 3015 656 3084 flammarum,
675 3023 706 3072 et
718 3015 805 3074 sidera
818 3017 936 3076 lambitr
951 3043 960 3090 χ

165 3117 313 3186 Interdum
326 3119 462 3196 scopulos,
482 3117 632 3194 avolsaque
645 3117 755 3183 viscera.
763 3121 878 3192 montis,
915 3167 920 3173 ,
