2194 3584
156 201 195 252 24
377 193 679 262 BUCOLICA,
861 191 954 261 v.76.

158 346 288 404 Candida
301 346 473 406 succinstam
486 348 654 406 latrantibus
666 345 787 422 inguina
799 343 940 411 monstris,

158 447 308 510 Dulichias
320 448 429 506 vexisse
443 459 525 518 rates,
544 457 574 508 et
587 447 703 525 gurgite
716 447 817 504 inulto

158 551 222 608 Ahl
245 551 360 610 timidos
372 562 472 610 nautas
485 553 603 610 canibus
615 550 747 610 lacerasse
759 549 893 620 marinis;

159 655 230 724 Aut,
250 661 284 710 ut
295 661 420 712 mutatos
432 653 519 711 Terei
532 653 688 711 narraverit
701 661 790 710 artus:

160 755 241 812 Quas
254 755 298 814 illi
312 755 468 813 Philomela
481 757 575 831 dapes,
596 773 660 828 quae
674 752 876 828 dona'pararit,
922 749 930 758 '

160 857 229 913 Quo
242 857 324 914 cursu
336 857 444 914 deserta
457 855 599 940 petitoria
619 863 649 912 et
662 854 765 930 quibus
778 864 845 910 ante
943 859 949 872 '

159 958 266 1014 Infelix
279 959 328 1015 sua
337 958 415 1015 testa
427 956 675 1033 supervolitaverit
687 956 759 1014 alis?

159 1059 276 1126 Omnia,
295 1078 368 1134 quse,
390 1058 496 1116 Phoebo
509 1057 654 1133 quondam
666 1058 835 1128 meditante,
857 1061 957 1116 beatus

159 1161 264 1218 Audiit
277 1162 406 1228 Eurotas,
422 1157 559 1235 jussitque
572 1157 696 1216 ediscere
707 1159 812 1227 lauros,

160 1262 215 1318 Ille
227 1261 316 1318 canit:
338 1261 426 1337 pulsae
438 1261 567 1318 referunt
580 1262 616 1317 ad
630 1261 717 1318 sidera
731 1261 831 1319 valles:

161 1365 272 1439 Cogere
284 1364 375 1420 donec
387 1381 452 1420 oves
465 1362 589 1430 stabulis,
603 1381 812 1438 numerumque
824 1363 931 1422 referre

160 1464 254 1542 Jussn,
266 1474 296 1523 et
308 1462 400 1522 invito
412 1463 543 1539 proceffit
555 1462 663 1547 Vesper
672 1463 807 1541 Olympo.

389 1827 614 1885 ECLOGA
652 1829 722 1886 VII.

421 2025 682 2076 MELIBOEUS.

304 2215 480 2258 MELIBOEUS.
503 2219 659 2260 CORYDON.
680 2221 818 2260 THYRSIS.

466 2393 645 2434 uaeramus.

162 2470 265 2538 Fonrn
279 2470 331 2528 sub
343 2475 445 2548 arguti
456 2475 621 2534 consederat
633 2475 701 2534 ilice
712 2475 853 2553 Daphnis,
1037 2533 1045 2543 ,

161 2571 416 2649 conpulerantque
447 2593 547 2653 greges
572 2577 707 2654 Corydon
729 2588 760 2635 et
783 2577 899 2654 Thyrsis
924 2578 957 2636 in
990 2573 994 2579 ’

238 2692 344 2745 unum;

160 2772 275 2848 Thyrfis
288 2795 363 2845 oves,
383 2777 517 2854 Corydon
530 2779 663 2838 distentas
676 2780 748 2838 nee
761 2781 895 2857 capellas:

161 2875 259 2931 Ambo
271 2879 404 2935 florentes
416 2879 557 2949 aetatibus,
578 2881 704 2940 Arcades
717 2884 810 2952 ambo,

161 2975 199 3032 Et
211 2986 325 3034 cantare
333 2997 424 3054 pares,
444 2991 474 3038 et
486 2980 654 3066 respondere
665 2984 767 3060 parati.

155 3074 220 3140 'Hic
231 3077 312 3148 mihi,
334 3080 404 3138 dum
416 3089 527 3140 teneras
540 3081 663 3142 defendo
675 3102 693 3142 a
706 3083 812 3162 frigore
823 3093 943 3164 myrtos,
