2236 3584
176 211 239 266 lte
477 195 569 270 Olli
582 209 596 266 Ι
610 207 637 265 S.
861 221 892 265 x.
908 209 971 274 127.

177 364 274 422 Aurea
286 361 415 422 sollemni
431 371 561 424 comtum
574 379 689 440 quoque
700 357 789 420 fibula
801 359 859 420 ritu
923 357 927 368 ’
959 414 962 419 .

177 465 328 543 Mopsopio
342 466 424 524 tereti
437 468 569 526 netlebat
582 468 667 524 deute
680 465 794 524 aare.

176 568 242 627 Nec
254 587 321 626 vero
334 568 396 626 hac
408 569 487 627 vobis
501 569 625 627 custodia
637 585 710 626 vana
723 565 828 635 fuisset,

176 671 242 734 Nec
255 671 348 728 fuerat
354 692 363 742 3
384 669 437 728 uisr
450 671 553 746 Scylla,
573 687 647 730 novo
660 677 796 744 conrepta
807 669 912 738 furore,

177 772 281 849 Scylla,
291 772 378 848 patris
390 771 487 830 miseri
499 772 655 850 patriaeque
666 772 782 830 iuventa
793 769 963 847 sepulcrum,

138 945 139 948 Ἴ
176 874 206 932 Ο
219 874 342 934 nimium
353 873 464 951 cupidis
475 875 497 932 fi
509 893 568 932 non
580 873 711 932 inhiasset
723 873 835 931 ocellis!

177 977 233 1035 Sed
244 977 337 1036 malua
348 977 399 1036 ille
411 995 492 1054 puer,
512 995 599 1052 quem
611 995 664 1034 nec
677 975 727 1036 sua
738 975 852 1034 flauere
865 980 957 1032 mater

177 1079 288 1138 Iratum
300 1079 405 1156 potat,
424 1099 511 1155 quem
524 1097 577 1136 nec
588 1087 677 1154 pater,
698 1086 785 1152 atque
797 1095 866 1134 avua
878 1076 955 1134 idem

176 1179 305 1257 Jupiter:
326 1181 376 1240 ille
389 1181 479 1240 etiam
495 1183 594 1240 Poenos
607 1180 747 1238 domitare
759 1179 865 1248 leones,

177 1282 216 1340 Et
228 1283 335 1342 validas
348 1283 447 1341 docuit
460 1283 533 1341 vires
546 1281 739 1340 mansuescere
752 1281 848 1357 tigrim

170 1384 231 1446 ,Ille
241 1384 330 1444 etiam
340 1383 429 1455 divos,
443 1385 585 1455 hominen
600 1383 650 1444 sed
662 1383 757 1442 dicere
769 1401 909 1460 magnum
918 1381 972 1442 etti

178 1487 261 1545 Idem
273 1497 336 1546 tum
349 1487 439 1546 tristes
452 1489 572 1545 aeirebat
584 1486 717 1564 parvulus
729 1485 786 1544 iras

176 1588 299 1674 Junouis
311 1607 434 1666 magnae,
453 1588 533 1666 cujus
546 1587 668 1664 perjuria
681 1586 755 1645 dira

177 1690 260 1748 Olim
272 1691 301 1749 se
315 1690 474 1776 meminisse
487 1691 537 1748 diu
549 1689 660 1767 perjura
673 1689 777 1767 puellae

176 1789 248 1858 Non
261 1793 314 1854 ulli
326 1793 421 1852 liceat.
461 1793 627 1850 Violaverat
636 1791 725 1850 inscia
739 1792 842 1861 sedem,

176 1895 258 1954 Dum
270 1895 353 1953 sacris
366 1903 482 1972 operata
494 1895 555 1952 dea.
567 1893 686 1963 lascivit,
705 1903 734 1968 et
747 1903 829 1952 extra

165 1997 306 2064 Procedit
319 1999 406 2074 longe
420 2006 545 2054 matrum
557 1997 753 2072 comitumque
766 2004 917 2065 catervam,

177 2099 346 2176 Suspensam
359 2101 485 2176 gaudeus
498 2099 530 2156 in
544 2115 660 2174 corpore
672 2099 770 2156 ludere
782 2098 897 2167 vestem,

177 2201 216 2258 Et
229 2200 353 2264 tumidos
366 2200 494 2276 agitante
506 2201 582 2258 linus
595 2199 740 2275 Aquilone
753 2201 890 2258 relaxans.

176 2301 243 2369 Nec
256 2303 326 2360 dum
339 2303 428 2360 etiam
440 2302 526 2360 castos
539 2301 697 2377 agitaverat
708 2301 784 2378 ignis
796 2301 925 2372 honoret,

176 2403 241 2462 Nec
255 2403 334 2475 dum,
354 2403 484 2462 sollemni
498 2404 616 2480 lympha
629 2403 751 2480 perfusa,
771 2402 898 2462 sacerdos

176 2505 311 2572 Palleqtis
324 2505 401 2564 foliis
412 2515 499 2581 caput
511 2517 661 2565 exornarat
672 2505 767 2564 olivae:
867 2549 871 2558 .

177 2608 253 2666 Cum
267 2608 343 2666 labsa
357 2627 374 2665 e
387 2607 519 2666 manibus
531 2608 609 2684 fugit
624 2608 692 2684 pila,
712 2621 835 2683 cumque
848 2606 955 2666 relabsa

175 2711 319 2770 Procurrit
330 2709 427 2786 virgo:
449 2729 506 2785 quo
519 2710 632 2768 utinam
645 2729 681 2767 ne
694 2710 806 2786 prodita
819 2709 888 2768 ludo

175 2813 317 2882 Auratam
330 2812 430 2889 gracili
444 2811 566 2869 solviffet
579 2830 695 2888 corpore
707 2812 825 2888 pallam!

175 2914 293 2984 Omnia,
307 2933 371 2990 quae
385 2914 507 2972 retinere
522 2915 652 2989 gradum,
667 2912 837 2990 cursumque
849 2913 954 2972 morari

176 3015 296 3086 Poffent,
317 3036 335 3073 o
348 3026 444 3074 tecum
457 3015 561 3073 vellem
574 3024 623 3072 tua
635 3015 745 3090 semper
757 3015 890 3082 habereal.

176 3117 246 3176 Non
258 3134 397 3195 umquam
409 3119 516 3204 riolata
526 3137 615 3178 manu
628 3117 746 3178 sacraria
758 3117 842 3188 diva,
