2194 3584
138 239 169 278 v.
181 226 249 294 371.
386 275 389 282 .
461 225 515 282 LI
527 225 560 282 B.
600 225 624 282 I.
906 231 943 282 55

139 378 270 454 Eurique
284 378 468 457 Zephyrique
481 389 562 439 tonat
576 382 686 450 domus,
706 379 806 438 omnia
818 379 912 458 plenis

140 481 220 538 Rura
234 491 334 540 natant
347 483 432 552 soffia,
453 493 540 560 atque
552 483 646 542 omnis
659 483 756 542 navita
769 491 860 560 ponto

139 584 272 644 Hurnida
283 587 347 666 'vela
360 587 442 664 legit.
471 589 641 664 Numquam
654 587 875 664 inprudentibus
888 587 945 650 im·

155 716 160 722 ·
221 689 271 745 ber

141 789 263 848 Obfuit:
287 799 338 850 aut
349 791 435 852 illum
448 793 612 870 surgentem
624 793 745 850 vallibus
759 792 827 850 imis

142 892 239 950 Aeriae
252 894 352 971 sugere
366 913 449 970 grues
454 921 463 967 3
485 906 536 954 aut
549 896 663 966 bucula,
684 895 790 954 coelum

144 994 313 1074 Suspicione,
332 997 439 1074 patulis
450 997 576 1074 captavit
589 998 704 1056 naribus
718 1017 814 1068 auram

143 1099 207 1154 Aut
221 1107 322 1174 arguta
335 1099 414 1158 lacus
427 1100 668 1159 circumvolitavit
681 1100 820 1171 hirund03

144 1201 184 1258 Et
197 1209 324 1258 veterem
336 1201 368 1258 in
383 1203 453 1260 limo
467 1221 544 1260 ranae
556 1203 685 1260 cecinere
698 1202 865 1278 querelam.¹

145 1303 253 1379 Saepius
265 1312 296 1360 et
309 1303 390 1362 tediis
402 1305 597 1381 penetralibus
608 1305 714 1364 extulit
727 1325 780 1363 ova

144 1406 310 1482 Augustum
322 1407 444 1471 formica
458 1419 550 1466 tereus
562 1409 632 1480 iter3
654 1418 684 1466 et
697 1407 773 1466 bibit
784 1407 887 1486 ingens

144 1509 254 1580 Arcua3
276 1519 314 1578 et,
328 1529 344 1566 e
356 1510 436 1588 pastu
450 1511 588 1570 decedens
601 1510 717 1588 agmine
729 1529 845 1587 magun,

146 1611 308 1670 Corvonrm
320 1613 568 1690 increpuitdensrs
581 1614 723 1673 exercitus
737 1614 798 1672 alis.

145 1715 213 1791 Jam
226 1715 318 1772 varias
330 1715 427 1792 pelagi
441 1717 578 1785 volucres,
598 1727 637 1786 et,
658 1735 722 1792 quae
735 1715 803 1774 Asia
815 1715 927 1774 circum

146 1816 289 1874 Dulcibus
302 1817 334 1874 in
349 1819 453 1894 stagnis
467 1818 608 1878 rimantur
620 1829 701 1896 prata
714 1818 834 1895 Caystri,

150 1919 292 1978 Certatim
304 1921 398 1996 largos
410 1921 538 1978 humeris
551 1921 704 1979 infundere
718 1939 802 1992 rores,

148 2023 238 2082 Nunc
248 2035 334 2101 caput
342 2023 482 2101 objectare
492 2025 582 2093 fretis,
595 2043 673 2082 nunc
684 2043 795 2082 cunere
807 2024 838 2081 iu
851 2023 950 2092 undas,
1046 2021 1048 2026 ’

150 2127 188 2182 Et
202 2126 293 2185 studio
305 2127 443 2185 incassum
457 2127 552 2185 videas
565 2127 666 2204 gestire
679 2127 802 2185 lavandi.
816 2157 818 2166 ι

149 2229 228 2286 Tum
240 2231 342 2287 cornix
355 2230 440 2305 pleni
453 2229 582 2308 pluviam
595 2237 679 2288 vocat
691 2230 811 2306 inproba
824 2247 903 2301 voce,

150 2332 188 2388 Et
201 2331 258 2389 sola
272 2332 304 2389 in
317 2330 388 2390 srccd
402 2331 499 2390 secum
511 2331 649 2408 spatiatur
661 2332 755 2390 areni.

151 2434 200 2491 Ne
213 2434 350 2492 noblurna
364 2435 482 2509 quidem
495 2445 642 2510 carpentes
655 2433 742 2511 pensa
756 2435 862 2511 puellae

151 2513 306 2594 Nescivere
319 2537 461 2594 hiemem:
484 2536 554 2593 testi
567 2555 658 2612 quum
671 2537 788 2594 ardente
801 2536 932 2592 viderent

152 2639 312 2698 Scintillare
324 2639 430 2708 oleum,
449 2648 479 2696 et
491 2639 583 2716 putris
595 2639 775 2696 concrescere
788 2639 903 2715 fungos.

190 2743 257 2800 Nec
268 2743 364 2800 miuus
378 2761 415 2800 ex
427 2742 515 2806 imbri
528 2741 600 2799 solea
613 2751 643 2798 et
655 2751 751 2818 aperta
765 2740 862 2798 serena

152 2845 325 2922 Prospicere,
342 2853 373 2902 et
385 2845 469 2902 certis
481 2844 586 2920 poteris
599 2841 768 2920 cognoscere
779 2842 881 2918 signis:

152 2947 238 3004 Nam.
246 2965 339 3022 oeque
352 2955 415 3004 tum
428 2943 514 3004 stellis
526 2945 601 3003 acies
613 2945 713 3003 obtusa
726 2945 849 3013 videtur,

153 3049 228 3118 Nec,
248 3049 344 3108 fratris
358 3047 443 3106 radiis
456 3045 590 3115 obnoxia,
611 3046 725 3123 surgere
739 3049 821 3105 Luna
826 3071 835 3118 3

153 3151 267 3210 Tenuia
280 3169 335 3210 uec
348 3151 422 3210 lanae
434 3169 487 3227 per
497 3149 602 3209 coelum
616 3149 721 3218 vellera
734 3150 817 3207 ferri:
848 3191 852 3200 .
