2236 3584
155 210 212 265 144
471 203 635 266 ernis.
862 219 952 282 v.19.
1073 157 1091 194 '¹

153 361 222 420 Non
237 355 371 440 equidem
377 385 386 434 3
408 363 537 438 quamvis
550 363 697 422 interdum
710 358 809 422 ludere
822 363 913 435 nobis,

152 463 192 524 Et
204 465 341 541 gracilem
354 465 434 524 molli
447 465 532 523 liceat
544 467 617 542 pede
631 466 761 524 claudere
773 466 899 524 versum:

106 579 108 586 '
153 568 208 626 Sed
221 587 327 644 magno
340 567 481 636 intexens,
503 567 523 624 fi
537 568 580 650 fas
592 567 632 626 est
645 567 749 639 dicere,
769 569 863 652 peplo,

153 664 258 728 Qualis
271 661 432 728 Erichtheis
445 669 514 727 olim
528 677 658 746 portatur
670 669 804 740 Athenis,

151 773 259 830 Debita
272 791 339 831 cum
351 774 432 831 casiae
444 773 593 832 solvuntur
605 784 672 834 vota
685 775 836 845 Minervae,

151 875 303 950 Tardaque
316 877 447 934 confedlo
459 877 580 934 redeunt
594 877 802 953 Quinquennis
814 879 913 951 lustro,
1107 875 1108 954 l

151 977 229 1038 Cum
241 977 311 1035 levis
324 979 433 1042 alterno
446 978 595 1056 Zephyrus
608 980 774 1038 concrebuit
786 981 873 1052 Euro,

150 1079 189 1138 Et
201 1099 292 1158 prono
305 1081 455 1158 gravidum
467 1081 598 1158 provexit
610 1083 735 1158 pondere
747 1101 872 1142 currum.
1107 1075 1108 1084 ¹

150 1181 233 1242 Felix
246 1183 295 1242 ille
308 1184 377 1254 dies,
397 1182 469 1242 felix
482 1194 512 1242 et
524 1185 629 1242 dicitur
642 1203 745 1256 annus;

149 1283 267 1356 Felices,
289 1285 339 1362 qui
350 1287 438 1344 talem
451 1305 561 1344 annum
572 1286 678 1356 videre,
699 1287 842 1362 diemque.

149 1387 227 1465 Ergo
239 1388 371 1448 Palladiae
383 1398 522 1448 texuntur
533 1391 566 1447 in
578 1389 677 1448 ordine
689 1407 811 1467 pugnae:

91 1549 92 1555 ,
148 1489 261 1568 Magna
274 1491 424 1568 Giganteis
437 1502 576 1550 ornantur
587 1493 671 1569 pepla
685 1492 812 1573 tropaeis,
852 1519 853 1522 ¹

118 1607 123 1618 ·
148 1594 274 1652 Horrida
287 1593 444 1672 sanguineo
456 1595 615 1672 pinguntur
626 1595 724 1672 praelia
738 1613 837 1667 cocco,

148 1697 285 1767 Additur,
305 1697 403 1763 aurati
416 1696 541 1780 dejeeius
554 1697 679 1775 cuspide,
699 1698 814 1774 Typho,

149 1799 212 1859 Qui
223 1799 312 1876 prius,
332 1799 431 1857 Offaeis
444 1801 623 1860 constemens
636 1800 742 1858 aethera
755 1801 840 1872 saxis,

146 1904 282 1963 Emathio
295 1904 402 1962 celsum
416 1904 582 1980 duplicabat
595 1905 702 1962 vertice
715 1904 896 1981 olympum,

146 2005 218 2066 Tale
232 2009 292 2066 deae
307 2007 406 2066 velum
418 2005 550 2065 sollemni
562 2004 594 2064 in
607 2016 736 2084 tempore
747 2015 873 2084 portant.

184 2109 253 2168 Tali
266 2117 295 2167 te
308 2109 421 2179 vellem,
437 2109 574 2187 juvenem
587 2109 753 2182 dostiffime,
774 2109 833 2168 ritu

146 2209 304 2291 ¹Purpureos
317 2212 393 2270 inter
406 2213 492 2281 Soles,
513 2221 543 2270 et
554 2212 675 2270 candida
690 2213 780 2270 Lunae

146 2316 254 2394 Sidera,
274 2315 401 2376 caeruleis
414 2317 513 2373 orbem
526 2315 668 2392 pulsantia
681 2314 766 2390 bigis,

140 2413 267 2476 'Naturae
280 2435 375 2474 rerum
388 2416 501 2494 magnis
514 2419 643 2476 intexere
656 2417 777 2476 chartis:

143 2523 303 2583 AEtemum
316 2521 428 2600 Sophiae
441 2520 627 2599 conjundium
639 2522 765 2579 carmine
777 2539 883 2580 nornen

143 2620 248 2682 Nostra
262 2633 345 2682 tuum
359 2623 472 2682 senibus
485 2623 649 2700 loqueretur
660 2624 767 2701 pagina
781 2623 877 2682 saeclis.
942 2626 944 2630 ’

143 2728 208 2798 Sed,
233 2728 372 2804 quoniam
391 2727 428 2786 ad
447 2736 540 2786 tantas
560 2745 638 2786 nunc
657 2725 785 2803 primum
806 2725 948 2786 nascimur

221 2839 296 2888 artes
303 2855 312 2902 3
403 2892 408 2904 ι
941 2839 943 2844 '

142 2933 233 2992 Nunc
246 2933 374 3010 primum
387 2941 499 2991 teneros
512 2932 661 2991 firmamus
673 2933 773 2990 robore
786 2949 900 3003 nervos,

142 3033 214 3092 Haec
228 3043 325 3093 tamen
339 3035 458 3106 interea,
478 3055 543 3111 quse
554 3035 709 3112 possumus,
728 3034 877 3111 inquibus
891 3033 947 3093 aevi

142 3135 235 3198 Prima
249 3137 413 3199 rudimenta
426 3145 457 3196 et
466 3137 574 3216 primos
586 3139 736 3216 exegimus
749 3156 847 3210 annos,
941 3137 945 3178 ἓ
973 3162 979 3174 ·
