2208 3574
193 209 252 264 228
452 203 729 276 AEN'EIDO'S,
882 209 991 264 masa.

194 357 304 428 stridis,
323 365 421 436 parata
433 359 515 418 neci:
538 359 589 418 vix
601 359 688 437 primi
700 357 800 437 proelia
813 363 928 418 tentant

194 465 342 521 Portarum
354 461 465 538 vigiles,
485 471 515 520 et
527 481 603 520 caeco
615 463 711 520 Marte
723 461 861 520 resistunt.

177 545 179 549 ,
193 564 313 622 Talibus
324 563 481 640 Othrysdae
493 564 584 632 ustis,
603 571 633 622 et
646 564 764 622 numine
777 564 887 632 divom,

193 668 229 724 In
241 667 371 726 flammas
383 677 414 724 et
426 666 457 723 iu
470 685 548 726 arma
561 667 644 738 feror,
664 686 722 744 quo
736 665 822 724 tristis
835 666 968 742 Erinnys,

193 770 263 828 Quo
275 770 406 827 fremitus
420 779 511 838 vocat,
524 779 554 827 et
565 770 690 828 sublatus
702 770 739 827 ad
752 769 858 826 aetbera
869 769 987 828 clamor.

192 874 316 931 Addunt
328 873 357 930 se
369 872 457 930 socios
470 872 604 948 Rhipeus,
625 881 655 930 et
667 887 819 930 maxumus
832 870 917 928 armis

192 975 316 1052 Epytus:
338 975 427 1033 oblati
439 993 490 1052 per
502 975 601 1032 lunam
611 974 799 1052 Hypanisque
812 974 992 1050 Dymasque?

192 1079 231 1136 Et
241 1078 323 1136 late'ri
337 1079 533 1154 adglomerant
542 1079 649 1150 nostro.;
667 1076 838 1153 juvenisque
848 1077 987 1134 Coroebua

192 1181 400 1257 Mygdonides:
422 1181 479 1238 illis
492 1182 528 1239 ad
540 1178 656 1256 Trojam
668 1180 742 1238 forte
755 1179 855 1238 diebus

191 1284 328 1354 Venerat,
348 1283 446 1341 insano
460 1283 620 1342 Caffandrae
629 1281 760 1340 incensus
774 1300 883 1353 amore;

191 1387 230 1444 Et
242 1405 331 1463 gener
342 1385 483 1444 auxilium
496 1385 615 1454 Priamo,
628 1384 852 1461 Phrygibusque,
864 1384 985 1444 ferebat:

146 1475 147 1486 ¹
190 1489 312 1548 Infelix!
335 1489 386 1564 qui
399 1507 457 1546 non
470 1487 577 1565 sponsae
589 1497 729 1565 praecepta
742 1487 863 1546 firrentis

190 1591 336 1650 Audierit.

193 1693 276 1752 Quos
288 1693 340 1752 ubi
353 1694 495 1752 confertos
506 1696 609 1753 audere
621 1694 652 1754 in
665 1694 765 1772 proelia
777 1693 854 1766 ridi3

190 1797 304 1873 Incipio
315 1798 399 1874 super
410 1797 468 1855 his:
491 1799 624 1875 Juvenes‚
642 1798 791 1856 fortiffima
801 1798 902 1855 frustra

190 1900 315 1969 Pectora,
336 1901 357 1957 fi
370 1901 450 1958 vobis
462 1901 616 1959 audentem
629 1909 756 1958 extrema
769 1899 876 1976 cupido

190 2003 276 2061 certa
289 2003 384 2079 sequi3
406 2005 485 2080 (quae
498 2003 532 2060 fit
545 2006 628 2061 rebus
640 2002 754 2060 fortuna
767 2001 883 2060 videtis:

189 2107 338 2164 Exceffere
350 2125 458 2175 omues,
478 2107 570 2184 adytis
581 2106 692 2181 arisque
705 2105 818 2175 relidit,
885 2139 886 2142 =

189 2208 239 2277 Di,
252 2209 355 2284 quibus
365 2208 520 2284 imperium
532 2206 587 2266 hoc
599 2209 725 2266 steterat:
747 2206 909 2266 succurritis
918 2207 984 2266 urbi

188 2311 330 2384 lucense)
343 2311 508 2379 moriamur,
528 2321 558 2369 et
569 2311 602 2368 in
614 2311 708 2369 media
721 2329 798 2370 arma
810 2329 942 2370 ruamus:

189 2413 257 2472 Una
270 2413 343 2470 salus
355 2412 445 2484 vietis,
466 2413 577 2471 nullam
588 2414 840 2491 speraresalutem.

187 2515 236 2573 Sic
249 2515 351 2574 animis
360 2513 500 2591 juvenum
512 2517 593 2574 furor
605 2517 728 2575 additus.
758 2517 838 2588 Inde,
856 2516 919 2593 lupi
930 2529 982 2575 cett
1094 2534 1098 2590 ᾗ

188 2619 326 2695 Raptores
338 2619 398 2676 atri
411 2618 440 2675 in
455 2619 569 2689 nebuli,
588 2639 658 2696 quos
670 2619 789 2696 inproba
799 2619 906 2678 renuis
1096 2605 1098 2678 i

187 2721 295 2797 Exegit
307 2739 395 2778 cecos
407 2722 508 2793 rabies,
529 2723 673 2799 catulique
687 2722 777 2781 reliffi
1096 2699 1097 2708 ἵ

187 2823 328 2881 Faucibus
341 2824 506 2902 exspedtant
518 2826 609 2898 ficeis5
631 2845 682 2903 per
695 2827 760 2896 tela,
780 2844 831 2902 per
843 2825 938 2893 hostis,

186 2926 328 2984 Vadimus
346 2926 422 2986 haud
432 2929 552 2987 dubiam
563 2929 596 2987 in
608 2937 745 2986 mortem=
766 2926 926 3003 mediaque
939 2935 981 2985 te·
1095 2923 1096 2930 '

264 3047 365 3088 nemus
607 3037 610 3042 '

185 3127 274 3188 Urbis
287 3130 353 3188 iter:
377 3132 446 3190 Nox
458 3140 519 3192 atra
531 3133 599 3192 cavi
612 3131 798 3192 circrtmrolat
809 3131 919 3190 umbri.
958 3203 961 3208 Ι
