2208 3574
126 233 237 292 onor.
437 231 535 290 mu.
575 229 635 290 11.'
855 231 925 303 1229

171 387 247 445 Quis
259 387 370 445 cladem
383 387 460 444 illius
473 385 571 456 noetis,
591 385 655 462 quis
669 385 778 454 funera,
798 385 887 443 fando
904 376 909 382 '¹

131 489 272 566 Explicet,
292 500 342 547 aut
355 490 438 566 poffit
450 489 573 548 lacrimis
586 507 697 565 aequare
709 489 834 556 labores?
896 487 899 494 ’

130 593 208 650 Urbs
220 592 337 668 antiqua
350 595 417 664 ruit,
437 595 542 650 multos
554 592 700 649 dominata
712 609 764 667 per
775 609 877 662 annos3

129 695 254 752 Plurima
266 715 374 772 perque
385 697 445 755 vias
458 697 618 754 stemuntur
629 695 731 752 inertia
744 693 842 770 paffim

120 797 265 873 ¹Corpora,
284 817 392 874 perque
405 801 522 866 domos„
532 807 562 856 et
575 795 704 872 religiosa
717 799 835 852 deorum

23 933 26 940 ·
121 898 254 956 ¹Limina.
295 899 360 957 Nec
373 899 424 957 soli
438 919 536 976 poenas
549 900 617 957 dant
633 897 771 973 sanguine
783 896 903 966 Teucri;

130 1001 286 1058 Quondam
299 1001 387 1058 etiam
398 1001 478 1058 victis
491 1001 565 1059 redit
575 1001 606 1058 in
621 997 773 1076 praecordia
786 997 885 1069 virtus,

129 1102 314 1178 Vidoresque
327 1106 433 1160 cadunt
446 1105 549 1162 Danai.
589 1103 720 1160 Crudelis
732 1102 839 1176 ubique

129 1203 244 1272 Ludus,
264 1204 371 1280 ubique
385 1207 481 1273 Pavor,
501 1216 531 1262 et
544 1206 667 1280 plurima
681 1205 785 1262 Mortis
798 1205 904 1280 imago.

123 1297 129 1310 i
156 1307 277 1364 ,Primus
289 1308 327 1375 se,
348 1309 481 1365 Danaum
495 1309 600 1384 magna
614 1308 768 1366 comitante
782 1309 904 1375 catervi,

128 1410 299 1484 Androgeus
312 1408 405 1466 obfert
418 1410 508 1478 nobis,
530 1409 603 1466 socia
616 1409 731 1486 agmina
744 1409 860 1468 credens

32 1528 34 1531 ·
128 1510 237 1568 Inscius
242 1535 250 1582 5
272 1521 358 1586 atque
370 1513 446 1568 ultro
458 1511 551 1568 verbis
563 1511 706 1587 conpellat
718 1511 832 1567 amicis:

123 1614 277 1684 Festinato,
296 1613 364 1685 viri3
387 1633 453 1672 nam
468 1633 532 1690 quae
545 1624 605 1671 tarn
617 1613 675 1672 sera
687 1624 815 1671 moratur

1 1719 2 1752 ³
99 1760 100 1764 η
129 1717 284 1794 Segnities?
306 1716 356 1774 alii
369 1717 485 1792 rapiunt
501 1716 625 1782 incensa,
645 1716 806 1790 feruntque,

127 1821 277 1895 Pergama:
301 1837 351 1876 vos
364 1818 442 1875 celsis
458 1837 535 1874 nuno
553 1817 679 1893 primum
695 1837 710 1874 a
725 1817 843 1874 navibus
857 1818 921 1874 itis?

127 1921 226 1978 Dixit:
242 1928 272 1977 et
282 1920 427 1996 extemplo
439 1922 545 1994 (neque
555 1917 632 1975 enim
642 1917 770 1994 responsu
783 1921 924 1977 dabantur

127 2023 196 2080 Fida
210 2023 289 2091 satis)
303 2022 387 2078 senfit
400 2021 507 2078 medios
520 2019 648 2096 delapsus
660 2019 691 2076 in
705 2021 798 2078 hostis.

127 2125 290 2200 Obstupuit,
310 2133 442 2199 retroque
454 2124 556 2200 pedem
570 2141 636 2180 cum
649 2140 717 2180 voce
731 2125 866 2200 repressit.

125 2225 304 2302 Inprovisum
317 2226 403 2303 aspris
416 2226 506 2284 veluti
519 2225 569 2300 qui
583 2223 708 2282 sentibus
726 2245 849 2301 anguem

127 2329 225 2386 Preffit
237 2328 319 2388 humi
339 2328 441 2396 nitens,
463 2327 644 2403 trepidusque
656 2338 772 2403 repente
785 2329 903 2404 refugit,

127 2431 324 2488 Adtollentem
336 2431 398 2498 iras,
419 2440 448 2486 et
461 2429 562 2486 caerula
576 2429 648 2486 colla
669 2438 842 2500 tumentem3

126 2533 214 2589 Haud
227 2531 305 2588 focus
319 2532 490 2607 Androgeus
503 2529 565 2588 visu
578 2531 760 2589 tremefadtus
773 2534 882 2590 abibat:

127 2633 279 2702 Inruimus,
299 2632 390 2690 densus
403 2643 433 2688 et
445 2633 703 2690 circumfundimur
715 2635 814 2704 armis;

127 2736 300 2811 Ignarosque
313 2734 368 2791 loci
381 2734 489 2810 paffim,
510 2744 539 2792 et
552 2735 706 2794 formidine
719 2746 824 2810 captos,

126 2837 294 2896 Stemimus.
335 2837 471 2914 Adspirat
481 2838 574 2914 primo
588 2839 710 2896 Fortuna
724 2840 824 2898 labori.

127 2942 226 3014 Atque
236 2939 293 3011 hic,
303 2939 428 2996 succeffu
438 2938 582 2996 exsultans
590 2939 758 3015 animisque,
767 2942 919 3002 Coroebus:

127 3044 156 3101 0
169 3044 248 3102 socii!
271 3042 328 3119 qui
341 3043 443 3119 prima,
462 3041 566 3117 inquit,
587 3043 699 3099 fortuna
713 3043 811 3101 salutis

128 3145 269 3205 Monstrat
276 3145 340 3214 iter,
350 3145 463 3220 quaque
473 3143 593 3203 ostendit
603 3143 631 3202 se
641 3145 749 3215 dextra,
760 3144 921 3222 sequamur.
