2236 3584
150 161 215 214 roa:
410 153 688 223 minimos,
841 129 981 211 vaus

191 309 286 368 Lucus
299 309 331 368 in
344 313 415 370 urbe
429 311 487 370 fuit
499 311 601 382 medii,
623 308 777 368 laetisfimus
789 309 910 376 umbrae,
939 319 942 327 ’

155 411 224 469 Quo
237 411 372 488 primurn,
387 412 486 490 jaetati
499 413 582 472 undis
595 423 625 471 et
638 411 762 479 turbine,
781 409 860 468 Poeni

153 511 285 572 Effodere
297 513 360 572 loco
374 515 496 592 signum,
515 516 592 591 quod
606 513 683 590 regia
696 514 774 590 Juuo
807 555 810 560 .

154 615 335 686 Monstrarat,
355 625 440 693 caput
451 616 522 674 acris
534 613 617 692 aqui,
639 605 676 674 fic
689 614 831 680 namfore
842 613 919 672 bello

154 715 318 792 Egregium,
337 727 367 774 et
379 718 494 776 facilem
506 719 592 787 viniu,
611 736 661 794 per
674 716 774 774 saecula
788 725 916 792 gentem.

154 817 213 878 Hic
226 819 367 895 templum
380 819 488 898 Junoni
500 820 602 896 ingens
616 818 731 878 Sidonia
744 818 821 876 Dido

153 916 313 990 Condebat,
333 920 414 978 donis
426 921 595 998 opulentum
606 929 636 978 et
649 921 767 978 numine
780 916 868 978 diua:

151 1008 242 1082 AErea
252 1021 300 1080 cui
312 1022 445 1099 gradibus
458 1023 610 1099 surgebant
620 1023 729 1092 limina,
750 1022 883 1098 nixaeque

153 1124 228 1184 AEre
243 1126 347 1183 trabes:
368 1125 477 1184 foribus
490 1126 573 1182 cardo
586 1119 719 1182 stridebat
731 1124 816 1182 ainis.

153 1226 220 1283 Hoc
232 1225 360 1302 primum
370 1226 401 1284 iu
414 1227 480 1286 luco
492 1246 565 1284 nova
578 1245 622 1284 res
634 1227 729 1284 oblata
741 1227 876 1284 timorem

153 1327 265 1399 Leniit3
285 1327 334 1386 hic
345 1327 471 1405 primunr
483 1329 592 1387 AEnoes
604 1328 714 1405 sperare
727 1327 847 1386 salutern

153 1428 258 1498 Ausus,
275 1437 305 1486 et
318 1429 438 1488 adflittis
451 1429 554 1488 melius
567 1431 709 1488 confidere
722 1432 815 1488 rebus.

153 1531 297 1606 Namque,
317 1531 369 1590 sub
381 1531 494 1607 ingenti
506 1531 604 1590 lustrat
616 1533 686 1590 dum
703 1531 811 1609 singula
830 1531 946 1608 templo,

153 1633 297 1709 Reginam
309 1633 466 1710 opperiens,
487 1635 565 1704 dum,
586 1653 650 1708 quae
665 1634 780 1692 fortuna
793 1635 828 1692 fit
840 1635 914 1702 urbi,
941 1703 943 1708 Ι

153 1734 365 1810 Artificumque
378 1753 478 1794 manus
488 1735 564 1792 iuter
576 1734 613 1802 se,
626 1753 800 1812 operumque
810 1735 946 1805 laborem,

152 1837 286 1907 Miratur,
307 1837 386 1896 videt
399 1837 498 1894 Iliacas
511 1855 548 1894 ex
560 1836 659 1894 ordine
670 1849 791 1914 pugnas,

152 1939 288 2016 Bellaque
297 1937 358 2016 jam
370 1938 448 1997 sami
460 1947 553 1996 toturn
566 1938 680 2014 volgata
691 1957 743 2015 per
754 1940 861 2009 orbem,

153 2041 280 2110 Atridas,
302 2041 512 2117 Priamumque,
530 2049 561 2098 et
573 2039 681 2098 saevum
694 2040 831 2099 ambobus
843 2039 947 2100 Achil·

228 2143 296 2200 lem.
935 2152 937 2156 '

153 2247 301 2317 Constitit3
329 2255 359 2304 et
378 2246 536 2317 lacrimans,
559 2246 635 2304 Quis
652 2245 714 2323 jam
733 2247 821 2318 locus,
840 2245 946 2323 inquit,

229 2347 351 2416 Achate,

154 2449 231 2508 Ouae
242 2449 321 2526 regio
332 2449 364 2507 in
377 2448 457 2506 terris
471 2449 555 2506 nostri
570 2467 628 2506 non
640 2449 724 2525 plena
739 2449 858 2508 laboris?

152 2553 198 2610 En
210 2551 348 2610 Priamus!
369 2553 442 2610 Sunt
454 2551 502 2608 hic
515 2549 603 2610 etiam
616 2550 664 2610 sua
677 2551 794 2628 praemia
810 2551 904 2610 laudi:

151 2655 224 2714 Sunt
233 2654 358 2712 lacrimae
368 2672 461 2712 rerum
468 2677 477 2723 3
494 2661 525 2710 et
533 2661 661 2710 mentem
671 2653 802 2711 mortalia
813 2658 944 2730 tangunt

152 2757 234 2814 Solve
244 2765 350 2826 metum
371 2755 444 2814 feret
454 2754 515 2812 haec
525 2753 651 2830 aliquam
661 2754 715 2812 tibi
726 2755 802 2812 fama
815 2755 944 2814 salutem.

152 2858 198 2915 Sic
212 2857 260 2925 ait,
280 2866 366 2932 atque
380 2856 509 2916 animum
521 2856 631 2934 pieturi
644 2857 733 2934 pascit
744 2856 835 2927 inani,

151 2959 248 3017 Multa
267 2977 397 3035 gemens,
422 2958 558 3036 largoque
577 2959 723 3020 humanat
741 2959 867 3021 flumine¹
881 2961 941 3022 vol·

228 3069 301 3120 tum.
