2236 3584
150 239 259 310 r.a76.·
399 246 404 256 ·
456 243 559 302 tls:
594 245 650 304 111.
707 252 710 262 ·
893 249 948 300 101
1065 229 1067 232 ’

150 392 183 453 N
184 413 241 452 unc
253 414 367 472 quoque
379 397 440 474 post
453 407 533 457 tanto
545 399 650 469 videat,
664 395 830 472 desertaque
840 413 930 472 regna

150 495 303 567 Pastorum,
325 507 355 556 et
366 500 454 577 longe
467 501 552 558 saltus
564 502 678 576 lateque
692 499 826 558 vacantis.

153 623 159 655 .·
190 599 249 657 Hic
260 601 414 675 quondam,
427 605 527 660 morbo
541 603 616 671 coeli,
631 602 788 660 miseranda
802 609 897 658 coorta
910 601 950 658 est

150 701 323 778 Tempestas,
343 712 461 779 totoque
473 705 621 762 auitumni
633 703 785 763 incanduit
796 703 873 771 aestu,

150 805 189 862 Et
207 822 297 880 genus
315 823 401 863 omne
419 806 483 864 neci
500 808 643 882 pecudum
660 805 748 873 dedit,
769 824 854 866 omne
874 805 948 863 fera-

229 923 292 962 rum
299 927 308 976 3

152 1009 353 1084 Conrupitque
365 1011 456 1080 lacus,
477 1011 579 1070 infecit
591 1012 695 1088 pabula
708 1013 782 1076 tabo.

151 1111 217 1168 Nec
232 1111 277 1168 via
290 1112 389 1169 mortis
401 1123 463 1170 erat
480 1115 613 1190 simplem
636 1114 694 1181 sed,
706 1115 758 1170 ubi
771 1113 857 1188 ignea
870 1110 948 1173 renis

150 1212 295 1270 Omnibus
308 1214 369 1272 aaa
383 1215 441 1282 sitis
454 1214 570 1274 miseros
583 1216 740 1274 adduxerat
752 1222 838 1280 artus,

151 1315 257 1372 Rursus
270 1317 433 1374 abundabat
445 1318 552 1375 fluidus
565 1303 672 1392 liquor,
694 1316 849 1391 omniaque
861 1315 893 1374 iu
907 1315 936 1374 se

149 1417 217 1475 Ona
230 1417 396 1476 minutatim
410 1421 510 1477 morbo
523 1418 654 1495 conlapsa
669 1419 808 1476 trahebat.

150 1522 229 1597 Saepe
241 1520 272 1578 in
284 1521 392 1579 honore
402 1523 490 1579 derim
503 1523 600 1580 medio
612 1522 685 1580 stans
697 1522 787 1579 hostia
800 1524 836 1579 ad
846 1541 936 1590 aram,

149 1627 246 1682 Lanea
259 1626 330 1682 dum
342 1625 427 1684 nivea
439 1625 633 1683 circumdatur
644 1625 736 1682 infula
749 1625 832 1693 vitta,

151 1728 230 1785 Inter
243 1727 403 1785 cunbtantis
415 1727 522 1784 cecidit
534 1727 705 1784 moribunda
719 1727 869 1786 ministros.

150 1831 222 1898 Aut,
242 1829 263 1886 fi
276 1848 364 1904 quam
377 1829 452 1886 sorro
465 1829 639 1886 mattaverat
651 1838 719 1888 ante
733 1829 869 1896 sacerdos,
975 1852 977 1856 ·

150 1933 222 1989 Inde
235 1950 328 2006 neque
341 1931 469 2008 inpositis
482 1932 585 1988 ardent
597 1931 697 1988 altaria
710 1929 799 1998 fibris,

150 2035 215 2092 Nec
229 2033 357 2110 responsa
370 2033 461 2110 potest
473 2032 617 2090 consultus
630 2033 746 2089 reddere
758 2041 849 2102 vates3

149 2137 196 2193 Ac
209 2135 258 2192 vix
271 2135 405 2211 suppositi
418 2135 591 2209 tinguuntur
604 2132 743 2210 sanguine
756 2134 854 2200 cultri,

150 2239 322 2312 Summaque
331 2234 430 2314 jejunit
443 2236 520 2294 sanie
533 2235 693 2294 infuscatur
707 2255 802 2294 arena.

149 2339 229 2396 Hinc
241 2338 314 2394 laetis
328 2338 412 2396 vituli
426 2339 513 2413 volgo
525 2337 687 2398 moriuntur
699 2338 731 2394 in
745 2338 849 2404 herbis,

149 2443 188 2500 Et
199 2440 292 2500 dulcis
303 2439 412 2500 animas
424 2439 507 2515 plena
520 2441 557 2496 ad
569 2439 704 2515 praesepia
716 2440 850 2497 reddunt.

148 2542 228 2600 Hinc
241 2542 359 2599 canibus
372 2540 483 2598 blandis
496 2541 586 2598 rabies
597 2542 685 2609 venit,
698 2552 728 2597 et
738 2541 833 2616 quatit
845 2560 937 2617 aegros

148 2645 241 2702 Tuffis
254 2644 357 2701 anhela
371 2642 442 2712 suos,
463 2662 497 2700 ac
510 2642 641 2701 faucibus
654 2643 737 2718 angit
748 2643 848 2702 obesis.

149 2747 279 2815 Labitur,
295 2745 400 2803 infelix
412 2745 577 2812 studiorum,
592 2755 679 2820 atque
688 2745 831 2802 inmemor
840 2742 947 2813 herbae,
965 2739 970 2746 ’

149 2849 248 2906 vietor
260 2867 359 2923 equus,
373 2847 524 2923 sontesque
538 2847 683 2914 avertitur,
696 2853 726 2904 et
739 2846 810 2921 pede
824 2854 929 2903 terram

149 2951 257 3008 Crebra
270 2949 353 3007 serit:
375 2948 501 3006 demiffae
514 2967 595 3006 aures
600 2973 609 3019 3
630 2948 756 3012 incertus
770 2946 880 3004 ibidem

150 3053 250 3120 Sudor,
269 3061 298 3109 et
311 3051 359 3108 itte
373 3051 490 3126 quidem
503 3050 649 3110 morituris
661 3049 797 3126 frigidus;
819 3057 884 3110 aret

152 3153 248 3224 Peilis,
264 3162 292 3210 et
306 3153 343 3212 ad
356 3153 464 3212 tactum
477 3151 609 3212 vastanti
622 3153 692 3210 dura
705 3150 814 3210 resistit.
