2236 3584
167 215 223 266 122
378 201 707 272 cuonemon,
819 203 960 274 &ana

165 361 234 430 Scis,
254 359 366 428 Proteu,
385 358 439 418 scis
453 359 528 436 ipse,
550 365 652 435 neque
662 359 703 417 est
720 365 749 416 te
760 357 865 416 'fallere
877 355 961 438 quid-

243 481 345 538 quam,
696 515 699 524 .

165 568 220 631 Sed
234 576 266 624 tu
278 566 374 635 desine
385 566 469 634 veile.
508 566 607 629 Deum
619 572 760 648 precepta
771 564 863 624 secuti

164 671 316 739 Venimus,
335 669 405 728 binc
417 669 499 750 lapsu
511 669 661 746 quaesitum
674 670 786 738 oracula
799 671 891 732 rebus.

164 775 294 832 Tantum
306 772 430 832 effatum·
459 775 508 842 Ad
525 773 587 833 baec
600 754 678 830 vates
690 773 720 831 vi
732 771 857 848 denique
869 769 962 830 multi

165 876 303 944 Ardentis
315 877 412 940 oculos
424 875 538 943 intorsit
549 877 659 938 lumine
673 876 784 952 glauco,

166 981 213 1051 Et,
234 971 359 1057 graviter
372 981 517 1050 frendens,
537 980 575 1038 fic
587 978 655 1044 fatis
666 997 715 1036 ora
728 978 860 1048 resolvit:

204 1085 274 1142 Non
288 1091 317 1141 te
329 1084 436 1142 nuliius
447 1092 582 1142 exercent
594 1083 721 1150 numinis
733 1082 795 1140 irae:

165 1188 276 1264 Magna
285 1186 341 1246 luis
351 1187 501 1246 conmissa:
523 1187 579 1256 tibi
590 1187 642 1246 has
654 1186 822 1248 miserabilis
829 1185 961 1263 Orpbeus

165 1291 411 1366 Haudquaquam
423 1292 461 1348 ob
478 1290 615 1356 meritum
631 1309 738 1377 poenas,
758 1289 866 1376 nitate
882 1287 960 1356 resiss
1051 1342 1056 1350 .

244 1402 316 1464 tant,

166 1497 301 1567 Suscitat;
323 1506 353 1555 et
365 1497 447 1574 rapti
459 1497 584 1574 graviter
595 1516 647 1574 pro
659 1494 781 1574 conjuge
795 1494 883 1554 saevit.

165 1601 220 1664 Illa
233 1600 359 1676 quidem,
378 1601 449 1658 dum
462 1610 491 1660 te
504 1601 617 1678 fugeret
629 1619 681 1676 per
694 1599 815 1658 flumina
827 1617 960 1682 praecepa,

165 1703 315 1766 inmanem
329 1713 396 1762 ante
407 1705 492 1781 pedes
505 1705 630 1782 hydrum
642 1703 780 1762 moritura
792 1702 898 1779 puella,

165 1809 332 1866 Seruantem
344 1807 428 1884 ripas,
448 1808 505 1867 alta
517 1826 576 1866 non
589 1807 663 1875 vidit
674 1808 706 1867 in
720 1806 817 1864 berbi.

165 1914 208 1970 At
221 1910 323 1972 chorus
336 1911 453 1987 aequalis
466 1912 616 1988 Dryadum
629 1911 752 1969 clamore
764 1908 911 1986 supremos

164 2014 316 2090 Inplerunt
328 2014 434 2074 montis
439 2041 448 2087 3
470 2016 577 2078 flerunt
591 2015 771 2090 Rhodopeiae
783 2031 871 2082 arces,
898 2061 900 2064 .

164 2117 291 2194 Altaque
304 2119 432 2194 Pangaea,
453 2127 483 2176 et
496 2119 581 2176 Rhefi
594 2117 741 2177 Mavortia
752 2117 845 2186 tellus,

164 2220 264 2295 Atque
275 2221 366 2290 Getae,
387 2230 473 2297 atque
486 2223 610 2290 Hebrus,
630 2229 660 2278 et
674 2219 772 2277 Actias
785 2217 932 2296 Orithyia.

163 2321 237 2399 Ipse,
257 2323 326 2381 cavi
340 2323 430 2382 solans
443 2343 553 2400 aegrum
565 2323 707 2382 testudine
719 2341 856 2392 amorem,
948 2341 952 2366 ‚-

159 2424 219 2496 ''Te‚
239 2425 331 2484 dulcis
343 2425 480 2503 conjunx,
501 2437 529 2484 te
543 2427 645 2486 soloin
658 2427 743 2484 litore
756 2425 862 2494 secum,
950 2447 953 2456 ·

127 2600 129 2606 .
163 2528 216 2598 Te,
231 2528 365 2587 veniente
378 2530 435 2600 die,
454 2539 494 2600 te,
507 2533 663 2590 decedente
676 2533 807 2589 canebat.

162 2631 308 2690 Taenarias
321 2632 410 2691 etiam
423 2634 528 2704 fauces,
548 2634 606 2693 alta
618 2635 687 2692 ostia
701 2634 788 2704 Ditis,

163 2735 202 2793 Et
214 2733 387 2810 caligantem
400 2735 484 2812 nigra
496 2737 651 2794 formidine
664 2737 763 2794 lucum
887 2796 889 2800 ,
946 2737 953 2744 ”

163 2836 313 2913 Ingressus,
327 2837 481 2915 Manisque
493 2839 573 2908 adiit,
591 2840 758 2916 Regemque
769 2839 960 2908 tremendum,

162 2938 195 2996 N
195 2939 325 3016 eseiaque
337 2939 471 2998 humanis
483 2939 614 3018 precibus
626 2941 820 2998 mansuescere
832 2942 926 2999 corda.
947 2944 950 2996 ζ

161 3042 215 3112 At,
234 3052 321 3103 cantu
333 3052 483 3114 conmotae,
503 3043 589 3102 Erebi
603 3044 638 3102 de
651 3043 763 3102 sedibus
775 3043 842 3104 imis
946 3109 951 3118 ,
970 3115 972 3122 Ι

163 3143 282 3202 Umbrae
291 3143 373 3204 ibant
387 3155 495 3218 tenues,
505 3145 707 3222 fimulacraque
719 3146 783 3205 luce
793 3155 957 3220 carentum:

304 3487 446 3548 Δ-ι
