2194 3584
139 229 167 270 v.
182 219 249 270 ass.
428 215 526 274 LIB.
564 217 620 275 11..
894 219 929 284 71
950 249 953 256 ·

143 367 274 444 Quaeque
286 369 365 428 levis.
398 371 545 430 Promtum
557 371 597 452 est
609 370 698 432 ocrtlis
710 368 875 448 praediscere
887 367 933 426 ni·
955 427 957 433 A

218 489 308 546 gram,

142 571 180 629 Et
193 573 255 647 quis
268 573 315 630 cui
328 575 414 632 color.
449 577 492 634 At
504 576 671 636 sceleratum
683 574 831 652 exquirere
844 573 934 650 frigus

141 673 270 753 Difficile
283 676 336 732 elit
357 676 447 752 piceae
460 688 573 734 tantum
586 677 702 753 taxique
715 685 849 734 nocentes

140 778 301 849 Interdum,
321 789 371 836 aut
383 781 473 838 ederae
486 782 617 857 pandunt
629 779 745 857 vestigia
757 779 855 856 nigrae.

181 881 236 940 His
249 883 456 952 animadverfis,
470 871 574 942 terram
587 883 678 940 multo
691 892 757 940 ante
770 889 915 940 memento

141 984 318 1059 Excoquere,
331 993 360 1042 et
371 1003 489 1060 magnos
501 984 646 1044 scrobibus
658 984 806 1042 concidere
818 983 933 1053 montis,

142 1088 223 1144 Ante
236 1085 377 1162 supinatas
390 1086 517 1162 aquiloni
529 1087 673 1144 ostendere
686 1087 791 1164 glebas,

73 1217 75 1220 ·
144 1187 244 1244 Quam
256 1188 356 1244 laetum
368 1187 491 1245 infodias
503 1188 570 1246 vitis
583 1207 681 1265 genus.
707 1188 836 1265 Optuma
847 1187 926 1264 putri

143 1290 222 1348 Arva
235 1288 307 1346 solo:
329 1289 360 1346 id
372 1289 451 1347 venti
465 1299 574 1359 curant,
595 1290 753 1366 gelidaeque
765 1289 884 1368 pruinae,
949 1266 953 1273 ’

144 1391 183 1448 Et
194 1391 334 1449 labefaeia
345 1410 463 1452 movens
475 1393 603 1449 robustus
611 1391 713 1469 jugera
726 1393 820 1452 folior.

143 1493 196 1562 At,
217 1493 238 1550 sr
251 1511 321 1568 quos
334 1493 410 1551 haud
423 1493 482 1552 ulla
493 1493 567 1550 viros
580 1493 730 1570 vigilantia
743 1493 831 1570 fugit,

143 1595 224 1653 Ante
236 1594 332 1651 locum
345 1593 464 1652 fimilem
477 1594 641 1670 exquirunt,
653 1594 707 1652 'ubi
718 1595 810 1672 prima
823 1601 937 1671 paretur

143 1695 303 1754 Arboribus
317 1696 403 1773 seges,
423 1705 453 1753 et
465 1715 522 1771 quo
535 1715 596 1753 mos
608 1695 715 1772 digesta
728 1697 850 1767 feratur;

143 1797 294 1856 Mutatam
306 1797 439 1874 ignorent
451 1797 545 1855 subito
559 1816 596 1854 ne
609 1796 715 1855 semina
728 1807 859 1856 matrem.

145 1901 227 1958 Quin
240 1899 329 1958 etiam
341 1899 406 1957 coeli
419 1899 565 1976 regionem
578 1898 609 1955 in
623 1897 727 1956 cortice
740 1899 851 1975 fignant
859 1921 877 1954 :-

143 2003 198 2072 Ut,
218 2021 275 2078 quo
288 2019 408 2078 quaeque
420 2002 504 2058 medo
517 2000 634 2069 steterit,
653 2001 710 2076 quis
720 2011 800 2077 parte
813 2002 918 2059 calores

144 2105 293 2162 Austrinos
307 2103 414 2171 tulerit,
434 2123 498 2179 quae
511 2111 590 2180 terga
604 2104 756 2162 obverterit
769 2103 827 2173 axi,
913 2098 928 2134 ·’

146 2207 407 2272 Restituamsadeo
415 2205 446 2262 in
457 2205 560 2262 teneris
568 2203 747 2262 consuescere
755 2206 880 2265 multum
887 2207 937 2266 est!
957 2235 961 2266 ‚r

185 2308 324 2377 Collibus,
344 2327 380 2366 an
393 2307 478 2384 plano
492 2307 593 2364 melius
607 2308 641 2364 lit
653 2325 758 2383 ponere
770 2307 868 2378 vitem,

147 2411 253 2468 Quaere
266 2409 354 2485 prius.
395 2409 424 2467 si
436 2408 553 2486 pinguis
565 2427 646 2484 agros
658 2409 802 2466 metabere
815 2411 919 2488 campi,

145 2512 241 2570 Densa
255 2512 328 2569 seres
350 2511 381 2568 in
395 2511 480 2568 denso
493 2529 550 2566 non
561 2508 673 2584 segnior
685 2511 772 2566 ubere
783 2511 919 2570 Bacchus

22 2617 25 2622 ’
147 2614 197 2686 Sin
211 2613 329 2672 tumulis
342 2612 451 2670 adclive
463 2611 554 2668 solum
567 2611 704 2686 collisque
717 2610 847 2686 supinos3

146 2702 268 2792 Indulge¹
281 2714 438 2772 ordinibus.
477 2713 542 2770 Nec
560 2711 648 2769 secius
662 2713 755 2769 omnis
768 2712 799 2768 in
812 2732 940 2789 unguem
954 2759 957 2766 ⁴

147 2819 305 2878 Arboribus
318 2815 413 2892 posrtis
425 2814 499 2871 sedo
511 2814 558 2872 via
570 2814 663 2871 limite
677 2793 807 2890 quadret:

148 2921 193 2979 Ut
205 2920 286 2996 saepe,
307 2916 420 2994 ingenti
432 2916 507 2973 bello
520 2934 610 2991 quum
622 2916 708 2992 longa
720 2915 844 2974 cohortis
875 2934 877 2938 ’

148 3021 297 3098 Explicuit
308 3019 394 3096 legio,
415 3027 445 3075 et
457 3036 558 3094 campo
570 3017 647 3075 stetit
660 3035 762 3093 agmen
775 3025 886 3094 aperto„

150 3119 426 3198 Direstaoqueacies,
445 3137 479 3178 ac
491 3119 549 3178 late
561 3118 681 3178 fluduat
693 3117 787 3176 omnis
