2208 3574
165 204 224 254 no
405 159 743 267 AEN.n1nos‚'
847 192 947 252 coss

165 353 328 420 Remulum,
340 357 369 406 et
380 351 524 428 duplicem
536 329 657 428 gemmis
668 368 793 426 auroque
802 365 947 406 coronam.

166 454 238 510 Haec
250 445 384 520 celerans,
404 452 460 510 iter
472 454 508 510 ad
526 454 605 512 navis
618 453 753 510 tendebat
766 451 901 508 Achates.
946 443 949 448 ’

205 555 248 611 At
261 553 404 630 Cytherea
418 573 504 612 novas
517 555 594 624 artis,
615 573 688 612 nova
700 553 812 630 pectore
824 551 916 608 versat

168 655 292 712 Confilia
302 677 319 711 ε.
331 665 372 724 ut,
393 656 497 714 faciem
510 665 637 716 mutatus
650 666 680 713 et
692 674 750 724 ora,
771 653 884 730 Cupido

167 759 221 816 Pro
234 757 312 814 dulci
326 758 450 816 Ascanio
463 756 568 829 veniat,
588 760 725 834 donisque
737 758 880 815 furentem

167 859 306 916 incendat
319 859 459 934 reginam,
479 857 564 936 atque
577 861 679 918 offibus
696 859 815 935 inplicet
827 857 940 932 ignem:

169 959 286 1036 Quippe
294 961 413 1018 domum
425 961 509 1018 timet
522 962 696 1039 ambiguam,
704 960 862 1037 Tyriosque
874 957 963 1016 bilin-

247 1063 320 1137 guis.
949 1057 954 1065 ’

169 1165 238 1222 Urit
251 1173 332 1230 amon
346 1166 430 1240 Juno,
451 1172 481 1221 et
494 1164 546 1224 sub
559 1166 671 1222 nodiem
684 1183 751 1222 cura
764 1162 897 1222 recursat.

169 1267 246 1342 Ergo
260 1265 305 1322 his
318 1265 458 1341 aligerum
471 1267 553 1324 dietis
566 1267 679 1324 adfatur
691 1268 844 1324 Amorem:

169 1368 257 1436 Nate,
277 1385 350 1424 meae
362 1367 444 1435 vires,
464 1386 527 1424 mea
541 1387 644 1444 magna
657 1369 785 1444 potentia
793 1393 802 1440 3
824 1367 907 1437 solus,

169 1469 202 1526 N
203 1478 258 1536 ate,
277 1451 365 1544 patris
377 1468 482 1526 summi
496 1470 546 1544 qui
560 1469 615 1526 tela
629 1469 762 1546 Typhoia
778 1469 894 1540 temnis3

171 1572 220 1628 Ad
233 1579 262 1627 te
275 1570 421 1646 confugio,
442 1580 471 1627 et
484 1570 602 1647 supplex
616 1579 664 1628 tua
678 1566 797 1628 numina
810 1570 903 1647 posco.

170 1672 269 1730 Frater
281 1681 315 1728 ut
327 1673 438 1729 AEneas
450 1672 551 1746 pelago
564 1681 638 1742 tuus,
659 1672 756 1729 omnia
770 1671 878 1728 circum

171 1774 280 1840 Litora,
297 1773 428 1850 jadletur,
448 1773 521 1830 odiis
533 1773 653 1850 Juuonis
665 1773 783 1849 iniquae,

170 1877 250 1960 Nota
264 1875 317 1931 tibi
324 1897 333 1944 3
359 1883 388 1930 et
402 1873 494 1931 nostro
507 1875 619 1931 doluisti
633 1875 705 1952 saepe
719 1876 824 1932 dolore.

172 1977 261 2034 Nunc
273 1975 412 2034 Phoeniffa
426 1985 505 2033 tenet
519 1975 605 2045 Dido,
625 1977 793 2053 blandisque
807 1983 933 2034 moratur

171 2079 311 2136 Vocibus:
334 2089 363 2135 et
376 2097 481 2147 vereor,
502 2097 559 2153 quo
572 2078 601 2135 se
614 2079 738 2154 Junonia
752 2089 864 2137 vertant

171 2179 317 2257 Hospitia:
341 2179 417 2237 haud
430 2189 510 2238 tanto
523 2179 638 2236 ceffabit
650 2181 765 2238 cardine
778 2199 883 2238 rerum.

174 2283 318 2339 Quocirca
329 2301 432 2355 capere
444 2292 510 2338 ante
523 2282 604 2352 dolis,
625 2293 656 2338 et
668 2282 920 2358 cingeretiammi,

172 2384 314 2460 Reginam
327 2385 464 2454 meditor3
487 2403 523 2440 ne
536 2403 593 2459 quo
606 2385 635 2441 se
647 2385 766 2443 numine
779 2396 885 2444 mutet:

173 2487 228 2544 Sed
240 2503 346 2562 magno
359 2487 461 2544 AEneae
474 2503 587 2542 mecum
601 2496 732 2544 teneatur
744 2505 849 2546 amore.
874 2489 875 2492 ’

174 2589 242 2646 Qua
253 2589 346 2646 facere
356 2587 386 2644 id
396 2587 487 2662 poffis,
497 2588 618 2644 nostram
626 2607 703 2646 nunc
713 2589 816 2666 adcipe
822 2599 964 2648 mentem:

173 2691 290 2766 Regius,
311 2689 408 2747 adcitu
422 2689 479 2746 cari
493 2689 638 2764 genitoris,
657 2690 693 2747 ad
705 2693 806 2748 urbem

153 2808 158 2822 ·
173 2793 320 2852 Sidoniam
332 2810 403 2868 puer
416 2793 457 2848 ire
469 2801 559 2867 parat,
577 2811 642 2848 mea
655 2793 731 2849 maxi
736 2811 782 2850 ma
795 2813 871 2862 cura,

172 2896 258 2953 Dona
270 2896 371 2964 ferens,
392 2895 495 2970 pelago
508 2905 537 2950 et
550 2894 672 2952 flammis
685 2895 816 2954 restantia
828 2896 937 2974 Trojae:

174 2996 262 3053 Hunc
274 3015 329 3072 ego
343 2996 467 3071 sopitum
479 2997 586 3064 somno,
606 2999 689 3071 super
701 2998 757 3055 alta
770 3001 904 3074 Cythera,

175 3097 237 3153 Aut
249 3096 331 3172 super
343 3097 475 3169 Idalium,
496 3097 606 3154 sacrata
615 3097 680 3154 sede
692 3101 843 3158 recondam
847 3125 859 3174 5
