2208 3574
138 218 163 304 u.
174 199 241 262 681.
451 201 502 278 LVI
516 200 549 256 B.
588 169 626 262 Ι.γ
873 203 927 288 211

136 355 185 411 Ne
198 353 256 428 qud
268 353 336 412 scire
350 354 437 422 dolos,
456 354 601 412 mediusve
614 369 760 408 occurrere
772 348 862 426 poffit.

133 457 181 512 Tu
194 455 297 514 faciem
308 456 395 525 illius,
408 457 520 514 nostem
532 474 590 512 non
603 453 724 530 amplius
737 471 834 519 unam,

135 557 212 614 Falle
224 559 305 628 dolo;
330 569 360 616 et
373 567 454 616 notos
466 558 547 634 pueri
559 575 630 633 puer
642 555 729 611 indue
742 553 850 610 vultus:
877 607 880 612 .

134 659 186 726 Ut,
206 679 296 734 quum
311 669 339 716 te
353 659 462 736 gremio
475 657 597 735 adcipiet
609 655 749 714 laetissima
762 653 849 722 Dido,
915 665 919 672 '

139 762 251 838 Regalis
264 762 340 818 inter
352 763 460 820 mensas
473 763 646 836 laticemque
660 760 787 832 Lyaeum,

134 864 236 920 Quum
249 863 330 920 dabit
342 863 488 940 amplexus
502 872 588 937 atque
603 861 696 917 oscula
704 857 805 916 dulcia
818 857 898 932 figet,
916 865 922 874 '

133 965 290 1022 Occultum
303 965 420 1044 inspires
433 965 542 1041 ignem,
562 963 701 1038 fallasque
714 979 833 1042 veneno.
918 1014 922 1022 ,

134 1067 215 1123 Paret
228 1068 320 1124 Amor
332 1067 415 1124 distis
428 1085 498 1124 carae
512 1063 673 1142 genetricis,
693 1071 723 1119 et
736 1062 795 1118 alas

116 1219 121 1234 ,
133 1168 230 1236 Exuit,
250 1177 280 1225 et
293 1169 384 1244 gressu
397 1169 522 1244 gaudens
536 1166 644 1224 incedit
656 1165 724 1222 Iuli.

171 1270 214 1326 At
219 1271 317 1328 Venus
325 1269 449 1328 Ascanio
455 1269 598 1346 placidam
605 1287 656 1343 per
667 1267 795 1323 membra
803 1265 926 1340 quietem

132 1371 251 1447 Inrigat,
272 1381 301 1430 et
315 1372 409 1430 fotum
421 1371 530 1448 gremio
543 1371 595 1428 dea
610 1369 686 1428 tollit
699 1369 728 1425 in
743 1368 814 1426 altos
914 1378 926 1428 .”

132 1473 229 1530 Idaliae
242 1474 335 1545 lucos,
356 1474 407 1531 ubi
420 1475 514 1531 mollis
527 1491 671 1530 amaracus
689 1471 774 1528 illurn

131 1574 260 1632 Floribus
273 1584 302 1632 et
315 1575 392 1632 dulci
405 1575 548 1652 adspirans
561 1574 748 1651 conpleffltur
761 1572 871 1632 umbra.

132 1678 253 1754 Jamque
266 1678 335 1748 ibat,
357 1678 432 1736 dieto
445 1695 554 1754 parens,
575 1687 605 1734 et
618 1678 692 1737 dona
706 1675 820 1750 Cupido
913 1684 922 1756 j

132 1779 223 1855 Regia
235 1783 366 1856 portabat
378 1780 482 1856 Tyriis,
503 1781 575 1837 duce
587 1779 669 1836 laetus
681 1777 804 1834 Achate.
875 1829 878 1836 ,

133 1881 234 1938 Quum
248 1882 335 1949 venit,
356 1882 453 1939 aulaeis
461 1880 524 1957 jam
536 1880 564 1938 se
577 1881 675 1955 regina
688 1878 820 1956 superbis.

90 2039 93 2045 .
131 1983 229 2041 Aurea
241 1985 390 2060 conposuit
403 1985 518 2060 spondi,
537 1984 720 2058 mediamque
733 1982 848 2040 locavit.

157 2079 235 2163 ¹Jam
247 2095 328 2162 pater
340 2087 458 2155 AEneas,
478 2096 508 2142 et
518 2085 578 2161 jam
591 2083 713 2160 Trojana
723 2083 859 2159 juventus
906 2093 909 2100 ’

132 2188 323 2256 Conveniunt,
344 2188 484 2263 stratoque
498 2187 581 2262 super
593 2185 783 2242 discumbitur
797 2185 877 2242 ostro.

131 2291 211 2348 Dant
232 2291 333 2364 famuli
351 2291 484 2348 manibus
503 2288 643 2364 lymphas,
670 2289 861 2362 Cereremque
880 2303 926 2350 ca,-

208 2392 299 2450 nistris

129 2495 304 2570 Expediunt,
324 2495 465 2570 tonsrsque
478 2495 575 2551 ferunt
587 2493 724 2550 mantelia
737 2493 823 2551 villis.

130 2595 352 2672 Quinquaginta
365 2596 442 2652 intus
456 2595 586 2665 famulae3
608 2595 711 2670 quibus
724 2595 823 2652 ordine
836 2595 924 2670 longo

129 2699 207 2755 Cura
219 2717 326 2774 penum
339 2697 450 2766 struere,
471 2707 500 2754 et
514 2698 638 2754 flammis
651 2698 763 2755 adolere
778 2699 908 2754 Penates:

130 2801 256 2858 Centum
269 2799 340 2867 aliae,
361 2800 536 2875 totidemque
549 2819 628 2876 pares
642 2808 725 2856 aetate
739 2799 869 2867 ministri,

130 2901 192 2958 Qui
205 2902 324 2977 dapibus
338 2900 448 2959 mensas
461 2909 591 2970 onerant,
610 2911 640 2957 et
652 2901 754 2976 pocula
766 2903 889 2975 ponunt.

129 3005 193 3062 Nec
205 3024 262 3062 non
275 3013 305 3062 et
315 3004 398 3080 Tyrii
410 3023 460 3080 per
472 3003 573 3060 limina
586 3004 650 3060 laeta
662 3004 825 3078 frequentes

129 3107 304 3178 Convenere,
326 3107 392 3164 toris
400 3104 464 3182 juffi
477 3105 653 3164 discumbere
665 3105 760 3182 pistis.
876 3151 882 3156 .
