2236 3584
141 197 167 240 v.
181 187 249 253 477.
463 181 488 242 C
502 182 583 243 1111
596 183 624 243 S.
881 185 932 248 tor

135 336 335 413 AEginamque
347 338 438 407 fimul,
459 339 726 416 sementiseramque
739 338 901 416 Seriphum,

133 437 243 507 Fertur,
263 449 293 497 et
305 439 420 499 incertis
429 442 552 519 jactatur
564 441 601 500 ad
612 441 708 500 omnia
722 441 830 498 ventisr

132 542 245 617 cymba
255 543 344 612 velut,
357 563 476 624 magnas
489 544 615 622 sequitur
627 564 695 602 cum
705 545 823 621 parvula
834 545 934 618 alaffir.

7 627 8 632 ¹
131 643 206 702 Aser
217 644 378 704 ethibemo
391 647 546 704 bacchatur
557 647 588 704 in
601 665 714 724 aequore
728 649 821 705 turbo.
932 671 935 680 ⁴

117 744 234 831 ‘Donec
247 748 304 805 tale
316 748 402 806 decus
415 749 514 807 sormae
527 749 651 817 vexavit,
672 757 702 806 et
715 767 805 825 regius

130 847 201 905 Non
214 849 291 918 tulit,
311 859 342 907 et
355 850 469 908 miseros
482 850 606 908 mutavit
618 849 741 927 virginis
754 860 841 920 arms,

132 950 262 1008 Caeruleo
274 951 383 1027 pollens
395 951 522 1028 conjunx
532 951 681 1028 Neptunia
694 971 793 1029 regno.

131 1052 186 1109 Sed
199 1061 296 1112 tamen
309 1063 458 1112 externam
471 1054 595 1131 squamis
609 1053 710 1113 vestire
721 1055 858 1132 puellam,

129 1155 293 1232 Infidusque
306 1157 382 1215 inter
395 1167 524 1215 teneram
536 1157 706 1216 conmittere
718 1157 812 1234 piscia,

128 1256 198 1315 Non
221 1255 327 1317 statuit.
365 1259 504 1318 Nimium
520 1260 560 1319 est
578 1259 693 1318 avidum
705 1279 791 1339 pecua
804 1258 929 1338 Amphi·

82 1367 83 1372 ’
206 1360 295 1420 trites.

126 1461 227 1520 Acteis
240 1463 335 1539 potius
349 1462 500 1522 sublimem
514 1461 624 1520 sustulit
637 1462 698 1530 alls,

126 1565 204 1623 Esset
216 1575 250 1624 ut
262 1567 294 1624 in
308 1567 389 1624 terris
401 1565 471 1624 sacti
483 1567 519 1624 de
532 1565 649 1623 nomine
663 1564 747 1634 Ciris,

127 1667 200 1725 Ciris
213 1669 366 1744 Amyclaeo
379 1669 526 1726 formosior
538 1659 634 1726 ansere
648 1667 742 1726 Ledae.

8 1765 11 1776 '
125 1770 180 1838 Ac,
201 1769 281 1828 velut
293 1770 324 1828 in
338 1770 421 1828 niveo
434 1779 539 1828 tenerae
551 1787 619 1826 cum
631 1767 763 1843 primitus
774 1785 830 1826 ovo

124 1870 242 1948 Effigies
255 1871 408 1930 animantia
422 1880 452 1928 et
464 1869 625 1928 internodia
638 1867 778 1926 membris

123 1971 285 2049 Inpersefia
297 1991 372 2030 novo
385 1973 500 2030 fluitant
512 1979 643 2030 concreta
656 1971 748 2029 onlore
755 1995 765 2042 3

123 2073 170 2132 sic
182 2075 291 2151 liquido
305 2075 407 2151 Scyllae
420 2072 626 2132 circumfusum
637 2090 751 2148 aequore
764 2089 866 2148 corpur

123 2176 256 2252 Semiseri
268 2176 384 2236 incertis
397 2177 486 2234 etiam
499 2195 576 2234 nunc
588 2174 717 2251 partibus
730 2183 809 2232 artua

122 2277 260 2354 Undique
272 2280 433 2348 mutabant,
453 2287 539 2354 atque
551 2277 680 2354 undique
693 2278 890 2336 mutabantur.

122 2379 190 2438 Oris
202 2380 293 2438 honos
305 2380 441 2456 primurn,
462 2388 491 2438 et
503 2379 603 2438 multis
615 2387 713 2456 optata
725 2379 838 2448 labella,

122 2483 162 2540 Et
174 2483 279 2558 patulae
293 2482 394 2538 frontis
407 2480 522 2558 species,
543 2480 721 2539 concrescere
733 2480 765 2538 in
779 2498 872 2538 unum

122 2581 252 2660 coepere,
271 2592 302 2641 et
314 2583 413 2660 gracili
426 2591 557 2640 mentum
570 2585 725 2659 producere
739 2583 836 2640 rostro.

120 2685 208 2754 Tum,
228 2686 285 2761 qua
299 2686 327 2742 se
340 2685 468 2744 medium
481 2685 581 2760 capitis
595 2685 746 2744 discrimen
760 2686 871 2760 agebat,

121 2789 207 2848 Ecoei
229 2797 353 2864 repente,
365 2788 445 2872 velut
457 2787 563 2868 patrios
575 2787 704 2845 imitatus
717 2787 846 2854 honoret,

120 2889 277 2948 Puniceam
290 2889 425 2948 concussit
439 2907 511 2966 apex
524 2888 557 2946 iu
570 2889 675 2947 vertice
688 2889 809 2946 cristam.

120 2990 172 3057 At,
191 2989 286 3048 mollis
298 2991 389 3048 varior
402 2992 531 3049 intexens
543 2991 643 3068 pluma
655 2991 771 3060 colores,

120 3092 317 3178 Marmoreum
330 3092 436 3156 volueri
450 3093 564 3154 vestivit
576 3092 704 3172 tegmine
716 3111 828 3172 corpur,

508 3216 532 3254 aa
