<?xml version="1.0" encoding="UTF-8"?>
<!DOCTYPE html PUBLIC "-//W3C//DTD XHTML 1.0 Transitional//EN"
    "http://www.w3.org/TR/xhtml1/DTD/xhtml1-transitional.dtd">
<html xmlns="http://www.w3.org/1999/xhtml" xml:lang="en" lang="en">
 <head>
  <title>
</title>
<meta http-equiv="Content-Type" content="text/html;charset=utf-8" />
  <meta name='ocr-system' content='tesseract 3.04.00' />
  <meta name='ocr-capabilities' content='ocr_page ocr_carea ocr_par ocr_line ocrx_word'/>
</head>
<body>
  <div class='ocr_page' id='page_1' title='image "./pvirgiliimaroni02wakegoog_0012.png"; bbox 0 0 2194 3584; ppageno 0'>
   <div class='ocr_carea' id='block_1_1' title="bbox 225 463 709 540">
    <p class='ocr_par' dir='ltr' id='par_1_1' title="bbox 225 463 709 540">
     <span class='ocr_line' id='line_1_1' title="bbox 225 463 709 540; baseline 0.004 -2"><span class='ocrx_word' id='word_1_1' title='bbox 225 465 307 539; x_wconf 88' lang='lat' dir='ltr'>AD</span> <span class='ocrx_word' id='word_1_2' title='bbox 347 463 709 540; x_wconf 81' lang='lat' dir='ltr'><strong>LECTOREM.</strong></span> 
     </span>
    </p>
   </div>
   <div class='ocr_carea' id='block_1_2' title="bbox 326 702 614 748">
    <p class='ocr_par' dir='ltr' id='par_1_2' title="bbox 326 702 614 748">
     <span class='ocr_line' id='line_1_2' title="bbox 326 702 614 748; baseline 0 -14"><span class='ocrx_word' id='word_1_3' title='bbox 326 702 614 748; x_wconf 48' lang='lat'>⁸*-</span> 
     </span>
    </p>
   </div>
   <div class='ocr_carea' id='block_1_3' title="bbox 73 907 930 3164">
    <p class='ocr_par' dir='ltr' id='par_1_3' title="bbox 83 907 930 1721">
     <span class='ocr_line' id='line_1_3' title="bbox 85 907 867 1006; baseline 0 -19"><span class='ocrx_word' id='word_1_4' title='bbox 85 907 182 990; x_wconf 65' lang='lat' dir='ltr'>Ecce!</span> <span class='ocrx_word' id='word_1_5' title='bbox 196 927 357 988; x_wconf 87' lang='lat' dir='ltr'>absolutum</span> <span class='ocrx_word' id='word_1_6' title='bbox 370 930 425 988; x_wconf 91' lang='lat' dir='ltr'>tibi</span> <span class='ocrx_word' id='word_1_7' title='bbox 438 928 607 1006; x_wconf 81' lang='lat' dir='ltr'>promillum</span> <span class='ocrx_word' id='word_1_8' title='bbox 620 929 756 1000; x_wconf 87' lang='lat' dir='ltr'>nostrum,</span> <span class='ocrx_word' id='word_1_9' title='bbox 770 929 867 987; x_wconf 68' lang='lat' dir='ltr'>lector.</span> 
     </span>
     <span class='ocr_line' id='line_1_4' title="bbox 86 1031 869 1108; baseline -0.003 -18"><span class='ocrx_word' id='word_1_10' title='bbox 86 1031 173 1090; x_wconf 86' lang='lat' dir='ltr'>Prodit</span> <span class='ocrx_word' id='word_1_11' title='bbox 188 1031 336 1108; x_wconf 86' lang='lat' dir='ltr'>Virgilius,</span> <span class='ocrx_word' id='word_1_12' title='bbox 360 1031 524 1090; x_wconf 87' lang='lat' dir='ltr'>chartarum</span> <span class='ocrx_word' id='word_1_13' title='bbox 544 1031 637 1088; x_wconf 89' lang='lat' dir='ltr'>nitore</span> <span class='ocrx_word' id='word_1_14' title='bbox 657 1031 769 1088; x_wconf 91' lang='lat' dir='ltr'>summo</span> <span class='ocrx_word' id='word_1_15' title='bbox 789 1031 869 1088; x_wconf 90' lang='lat' dir='ltr'>lucu·</span> 
     </span>
     <span class='ocr_line' id='line_1_5' title="bbox 86 1133 930 1211; baseline 0 -21"><span class='ocrx_word' id='word_1_16' title='bbox 86 1135 179 1201; x_wconf 89' lang='lat' dir='ltr'>lentus,</span> <span class='ocrx_word' id='word_1_17' title='bbox 206 1143 236 1190; x_wconf 91' lang='lat' dir='ltr'>et</span> <span class='ocrx_word' id='word_1_18' title='bbox 257 1133 291 1190; x_wconf 80' lang='lat' dir='ltr'>ed</span> <span class='ocrx_word' id='word_1_19' title='bbox 315 1142 450 1211; x_wconf 82' lang='lat' dir='ltr'>typorum</span> <span class='ocrx_word' id='word_1_20' title='bbox 469 1133 692 1210; x_wconf 85' lang='lat' dir='ltr'>pulchritudine,</span> <span class='ocrx_word' id='word_1_21' title='bbox 718 1153 782 1209; x_wconf 86' lang='lat' dir='ltr'>quae</span> <span class='ocrx_word' id='word_1_22' title='bbox 802 1133 871 1190; x_wconf 89' lang='lat' dir='ltr'>tulit</span> <span class='ocrx_word' id='word_1_23' title='bbox 927 1195 930 1202; x_wconf 49' lang='grc'>,</span> 
     </span>
     <span class='ocr_line' id='line_1_6' title="bbox 87 1235 871 1311; baseline 0.001 -19"><span class='ocrx_word' id='word_1_24' title='bbox 87 1255 163 1293; x_wconf 91' lang='lat' dir='ltr'>omne</span> <span class='ocrx_word' id='word_1_25' title='bbox 181 1235 320 1311; x_wconf 73' lang='lat' dir='ltr'>punctum</span> <span class='ocrx_word' id='word_1_26' title='bbox 337 1235 533 1292; x_wconf 88' lang='lat' dir='ltr'>venustiorum</span> <span class='ocrx_word' id='word_1_27' title='bbox 553 1235 704 1292; x_wconf 88' lang='lat' dir='ltr'>hominum</span> <span class='ocrx_word' id='word_1_28' title='bbox 727 1235 759 1292; x_wconf 90' lang='lat' dir='ltr'>in</span> <span class='ocrx_word' id='word_1_29' title='bbox 777 1237 871 1293; x_wconf 90' lang='lat' dir='ltr'>Hora-</span> 
     </span>
     <span class='ocr_line' id='line_1_7' title="bbox 88 1335 871 1413; baseline 0.003 -20"><span class='ocrx_word' id='word_1_30' title='bbox 88 1338 131 1395; x_wconf 85' lang='lat' dir='ltr'>tio.</span> <span class='ocrx_word' id='word_1_31' title='bbox 157 1339 262 1396; x_wconf 89' lang='lat' dir='ltr'>Eadem</span> <span class='ocrx_word' id='word_1_32' title='bbox 276 1337 333 1394; x_wconf 91' lang='lat' dir='ltr'>fuit</span> <span class='ocrx_word' id='word_1_33' title='bbox 346 1336 480 1394; x_wconf 89' lang='lat' dir='ltr'>editionis</span> <span class='ocrx_word' id='word_1_34' title='bbox 492 1335 609 1412; x_wconf 84' lang='lat' dir='ltr'>hujusce</span> <span class='ocrx_word' id='word_1_35' title='bbox 623 1335 694 1394; x_wconf 85' lang='lat' dir='ltr'>ratio</span> <span class='ocrx_word' id='word_1_36' title='bbox 698 1363 707 1408; x_wconf 76' lang='lat'>3</span> <span class='ocrx_word' id='word_1_37' title='bbox 730 1337 782 1394; x_wconf 87' lang='lat' dir='ltr'>nisi</span> <span class='ocrx_word' id='word_1_38' title='bbox 794 1337 871 1413; x_wconf 78' lang='lat' dir='ltr'>qubd</span> 
     </span>
     <span class='ocr_line' id='line_1_8' title="bbox 87 1437 871 1516; baseline -0.003 -19"><span class='ocrx_word' id='word_1_39' title='bbox 87 1442 119 1497; x_wconf 92' lang='lat' dir='ltr'>ad</span> <span class='ocrx_word' id='word_1_40' title='bbox 138 1439 245 1497; x_wconf 89' lang='lat' dir='ltr'>minora</span> <span class='ocrx_word' id='word_1_41' title='bbox 268 1441 409 1516; x_wconf 69' lang='lat' dir='ltr'>poemata,</span> <span class='ocrx_word' id='word_1_42' title='bbox 436 1448 470 1496; x_wconf 92' lang='lat' dir='ltr'>ut</span> <span class='ocrx_word' id='word_1_43' title='bbox 492 1438 650 1515; x_wconf 76' lang='lat' dir='ltr'>plurimum</span> <span class='ocrx_word' id='word_1_44' title='bbox 672 1439 754 1514; x_wconf 88' lang='lat' dir='ltr'>parvi</span> <span class='ocrx_word' id='word_1_45' title='bbox 776 1437 871 1516; x_wconf 86' lang='lat' dir='ltr'>pretii,</span> 
     </span>
     <span class='ocr_line' id='line_1_9' title="bbox 86 1540 871 1618; baseline -0.001 -19"><span class='ocrx_word' id='word_1_46' title='bbox 86 1541 176 1599; x_wconf 89' lang='lat' dir='ltr'>multis</span> <span class='ocrx_word' id='word_1_47' title='bbox 192 1541 372 1618; x_wconf 87' lang='lat' dir='ltr'>interpolata,</span> <span class='ocrx_word' id='word_1_48' title='bbox 395 1550 426 1598; x_wconf 91' lang='lat' dir='ltr'>et</span> <span class='ocrx_word' id='word_1_49' title='bbox 444 1540 578 1618; x_wconf 71' lang='lat' dir='ltr'>suspetlae</span> <span class='ocrx_word' id='word_1_50' title='bbox 598 1541 783 1610; x_wconf 77' lang='lat' dir='ltr'>audieritatis,</span> <span class='ocrx_word' id='word_1_51' title='bbox 803 1558 871 1600; x_wconf 88' lang='lat' dir='ltr'>con-</span> 
     </span>
     <span class='ocr_line' id='line_1_10' title="bbox 83 1642 542 1721; baseline -0.004 -18"><span class='ocrx_word' id='word_1_52' title='bbox 83 1645 190 1721; x_wconf 73' lang='lat' dir='ltr'>jecturis</span> <span class='ocrx_word' id='word_1_53' title='bbox 202 1645 319 1702; x_wconf 83' lang='lat' dir='ltr'>liberibs</span> <span class='ocrx_word' id='word_1_54' title='bbox 331 1642 542 1702; x_wconf 88' lang='lat' dir='ltr'>indulserimus.</span> 
     </span>
    </p>

    <p class='ocr_par' dir='ltr' id='par_1_4' title="bbox 75 1725 887 2954">
     <span class='ocr_line' id='line_1_11' title="bbox 118 1725 872 1825; baseline 0.001 -20"><span class='ocrx_word' id='word_1_55' title='bbox 118 1746 222 1824; x_wconf 86' lang='lat' dir='ltr'>Heynii</span> <span class='ocrx_word' id='word_1_56' title='bbox 236 1745 403 1815; x_wconf 84' lang='lat' dir='ltr'>editionem,</span> <span class='ocrx_word' id='word_1_57' title='bbox 428 1747 555 1806; x_wconf 88' lang='lat' dir='ltr'>Londini</span> <span class='ocrx_word' id='word_1_58' title='bbox 575 1725 668 1825; x_wconf 74' lang='lat' dir='ltr'>nuper</span> <span class='ocrx_word' id='word_1_59' title='bbox 684 1756 872 1825; x_wconf 77' lang='lat' dir='ltr'>procuratam,</span> 
     </span>
     <span class='ocr_line' id='line_1_12' title="bbox 84 1849 872 1926; baseline 0.001 -19"><span class='ocrx_word' id='word_1_60' title='bbox 84 1851 111 1908; x_wconf 93' lang='lat' dir='ltr'>in</span> <span class='ocrx_word' id='word_1_61' title='bbox 123 1850 263 1926; x_wconf 85' lang='lat' dir='ltr'>exemplar</span> <span class='ocrx_word' id='word_1_62' title='bbox 276 1849 409 1908; x_wconf 87' lang='lat' dir='ltr'>adhibere</span> <span class='ocrx_word' id='word_1_63' title='bbox 421 1851 512 1923; x_wconf 85' lang='lat' dir='ltr'>volui;</span> <span class='ocrx_word' id='word_1_64' title='bbox 534 1851 570 1909; x_wconf 89' lang='lat' dir='ltr'>ad</span> <span class='ocrx_word' id='word_1_65' title='bbox 583 1851 663 1910; x_wconf 87' lang='lat' dir='ltr'>Fabii</span> <span class='ocrx_word' id='word_1_66' title='bbox 680 1853 777 1910; x_wconf 73' lang='lat' dir='ltr'>tamen</span> <span class='ocrx_word' id='word_1_67' title='bbox 790 1870 872 1912; x_wconf 89' lang='lat' dir='ltr'>men·</span> 
     </span>
     <span class='ocr_line' id='line_1_13' title="bbox 84 1952 873 2024; baseline 0.004 -14"><span class='ocrx_word' id='word_1_68' title='bbox 84 1963 145 2024; x_wconf 88' lang='lat' dir='ltr'>tem,</span> <span class='ocrx_word' id='word_1_69' title='bbox 163 1954 238 2011; x_wconf 83' lang='lat' dir='ltr'>instr.</span> <span class='ocrx_word' id='word_1_70' title='bbox 252 1961 323 2011; x_wconf 88' lang='lat' dir='ltr'>orat.</span> <span class='ocrx_word' id='word_1_71' title='bbox 336 1952 358 2014; x_wconf 90' lang='lat' dir='ltr'>i.</span> <span class='ocrx_word' id='word_1_72' title='bbox 372 1961 399 2024; x_wconf 90' lang='grc'>7.</span> <span class='ocrx_word' id='word_1_73' title='bbox 420 1954 558 2012; x_wconf 86' lang='lat' dir='ltr'>ablativos</span> <span class='ocrx_word' id='word_1_74' title='bbox 576 1954 677 2012; x_wconf 86' lang='lat' dir='ltr'>casus&#39;</span> <span class='ocrx_word' id='word_1_75' title='bbox 668 1974 698 2011; x_wconf 90' lang='lat' dir='ltr'>m</span> <span class='ocrx_word' id='word_1_76' title='bbox 712 1955 873 2013; x_wconf 87' lang='lat' dir='ltr'>adefinen-</span> 
     </span>
     <span class='ocr_line' id='line_1_14' title="bbox 85 2051 887 2151; baseline 0.002 -37"><span class='ocrx_word' id='word_1_77' title='bbox 85 2069 121 2115; x_wconf 86' lang='lat' dir='ltr'>tes</span> <span class='ocrx_word' id='word_1_78' title='bbox 137 2056 265 2135; x_wconf 86' lang='lat' dir='ltr'>angulari</span> <span class='ocrx_word' id='word_1_79' title='bbox 285 2056 366 2133; x_wconf 88' lang='lat' dir='ltr'>apice</span> <span class='ocrx_word' id='word_1_80' title='bbox 384 2053 529 2151; x_wconf 60' lang='lat' dir='ltr'>distintis„</span> <span class='ocrx_word' id='word_1_81' title='bbox 541 2053 648 2128; x_wconf 53' lang='lat' dir='ltr'>aoid</span> <span class='ocrx_word' id='word_1_82' title='bbox 633 2051 726 2128; x_wconf 67' lang='lat' dir='ltr'>ultra</span> <span class='ocrx_word' id='word_1_83' title='bbox 737 2053 887 2117; x_wconf 50' lang='lat' dir='ltr'>&#39;variano&#39;</span> 
     </span>
     <span class='ocr_line' id='line_1_15' title="bbox 84 2141 886 2237; baseline 0.002 -19"><span class='ocrx_word' id='word_1_84' title='bbox 84 2160 142 2230; x_wconf 90' lang='lat' dir='ltr'>rim,</span> <span class='ocrx_word' id='word_1_85' title='bbox 167 2170 269 2236; x_wconf 81' lang='lat' dir='ltr'>praeter</span> <span class='ocrx_word' id='word_1_86' title='bbox 289 2141 514 2236; x_wconf 86' lang='lat' dir='ltr'>diligentiorem</span> <span class='ocrx_word' id='word_1_87' title='bbox 523 2149 805 2237; x_wconf 66' lang='lat' dir='ltr'>interpunctionem</span> <span class='ocrx_word' id='word_1_88' title='bbox 819 2149 872 2220; x_wconf 82' lang='lat' dir='ltr'>nd·</span> <span class='ocrx_word' id='word_1_89' title='bbox 885 2183 886 2190; x_wconf 52' lang='lat'>¹</span> 
     </span>
     <span class='ocr_line' id='line_1_16' title="bbox 83 2258 872 2350; baseline 0.004 -32"><span class='ocrx_word' id='word_1_90' title='bbox 83 2263 145 2320; x_wconf 84' lang='lat' dir='ltr'>tulae</span> <span class='ocrx_word' id='word_1_91' title='bbox 160 2261 260 2339; x_wconf 74' lang='lat' dir='ltr'>saepius</span> <span class='ocrx_word' id='word_1_92' title='bbox 277 2261 474 2325; x_wconf 86' lang='lat' dir='ltr'>declarabunt:</span> <span class='ocrx_word' id='word_1_93' title='bbox 496 2258 662 2350; x_wconf 73' lang='lat' dir='ltr'>inquibus,</span> <span class='ocrx_word' id='word_1_94' title='bbox 676 2263 757 2347; x_wconf 71' lang='lat' dir='ltr'>citra,</span> <span class='ocrx_word' id='word_1_95' title='bbox 753 2261 872 2332; x_wconf 74' lang='lat' dir='ltr'>violatae</span> 
     </span>
     <span class='ocr_line' id='line_1_17' title="bbox 81 2364 873 2445; baseline 0.003 -23"><span class='ocrx_word' id='word_1_96' title='bbox 81 2366 200 2424; x_wconf 83' lang='lat' dir='ltr'>veritatis</span> <span class='ocrx_word' id='word_1_97' title='bbox 213 2365 334 2432; x_wconf 81' lang='lat' dir='ltr'>crimen,</span> <span class='ocrx_word' id='word_1_98' title='bbox 347 2364 454 2441; x_wconf 81' lang='lat' dir='ltr'>pollem</span> <span class='ocrx_word' id='word_1_99' title='bbox 467 2365 639 2445; x_wconf 65' lang='lat' dir='ltr'>affirmate</span> <span class='ocrx_word' id='word_1_100' title='bbox 633 2374 662 2422; x_wconf 82' lang='lat' dir='ltr'>‘et</span> <span class='ocrx_word' id='word_1_101' title='bbox 675 2367 712 2424; x_wconf 84' lang='lat' dir='ltr'>ad</span> <span class='ocrx_word' id='word_1_102' title='bbox 724 2368 873 2424; x_wconf 73' lang='lat' dir='ltr'>doctorum</span> 
     </span>
     <span class='ocr_line' id='line_1_18' title="bbox 79 2438 872 2552; baseline 0.005 -28"><span class='ocrx_word' id='word_1_103' title='bbox 79 2467 227 2526; x_wconf 87' lang='lat' dir='ltr'>sententias</span> <span class='ocrx_word' id='word_1_104' title='bbox 244 2485 406 2544; x_wconf 88' lang='lat' dir='ltr'>provocare,</span> <span class='ocrx_word' id='word_1_105' title='bbox 427 2453 509 2543; x_wconf 75' lang='lat' dir='ltr'>plura</span> <span class='ocrx_word' id='word_1_106' title='bbox 521 2453 584 2530; x_wconf 74' lang='lat' dir='ltr'>else</span> <span class='ocrx_word' id='word_1_107' title='bbox 590 2438 694 2552; x_wconf 65' lang='lat' dir='ltr'>rettibs</span> <span class='ocrx_word' id='word_1_108' title='bbox 709 2464 872 2538; x_wconf 71' lang='lat' dir='ltr'>caristituta,</span> 
     </span>
     <span class='ocr_line' id='line_1_19' title="bbox 79 2543 872 2646; baseline 0.001 -18"><span class='ocrx_word' id='word_1_109' title='bbox 79 2571 161 2628; x_wconf 74' lang='lat' dir='ltr'>etidm</span> <span class='ocrx_word' id='word_1_110' title='bbox 173 2569 234 2646; x_wconf 90' lang='lat' dir='ltr'>post</span> <span class='ocrx_word' id='word_1_111' title='bbox 246 2579 290 2627; x_wconf 91' lang='lat' dir='ltr'>tot</span> <span class='ocrx_word' id='word_1_112' title='bbox 300 2570 475 2628; x_wconf 89' lang='lat' dir='ltr'>eruditorum</span> <span class='ocrx_word' id='word_1_113' title='bbox 488 2543 640 2628; x_wconf 83' lang='lat' dir='ltr'>hominnm</span> <span class='ocrx_word' id='word_1_114' title='bbox 651 2572 872 2640; x_wconf 87' lang='lat' dir='ltr'>lucubrationes,</span> 
     </span>
     <span class='ocr_line' id='line_1_20' title="bbox 77 2672 873 2752; baseline 0.003 -22"><span class='ocrx_word' id='word_1_115' title='bbox 77 2673 186 2748; x_wconf 72' lang='lat' dir='ltr'>quim</span> <span class='ocrx_word' id='word_1_116' title='bbox 177 2692 209 2730; x_wconf 91' lang='lat' dir='ltr'>m</span> <span class='ocrx_word' id='word_1_117' title='bbox 222 2673 393 2749; x_wconf 88' lang='lat' dir='ltr'>quibusdam</span> <span class='ocrx_word' id='word_1_118' title='bbox 410 2672 585 2732; x_wconf 85' lang='lat' dir='ltr'>editionibus</span> <span class='ocrx_word' id='word_1_119' title='bbox 597 2693 705 2752; x_wconf 85' lang='lat' dir='ltr'>magun</span> <span class='ocrx_word' id='word_1_120' title='bbox 723 2675 873 2733; x_wconf 90' lang='lat' dir='ltr'>molimine</span> 
     </span>
     <span class='ocr_line' id='line_1_21' title="bbox 76 2775 871 2854; baseline 0 -20"><span class='ocrx_word' id='word_1_121' title='bbox 76 2777 196 2853; x_wconf 86' lang='lat' dir='ltr'>vulgatis</span> <span class='ocrx_word' id='word_1_122' title='bbox 201 2801 211 2848; x_wconf 87' lang='lat'>;</span> <span class='ocrx_word' id='word_1_123' title='bbox 232 2776 287 2834; x_wconf 84' lang='lat' dir='ltr'>nisi</span> <span class='ocrx_word' id='word_1_124' title='bbox 306 2775 417 2834; x_wconf 72' lang='lat' dir='ltr'>letioris</span> <span class='ocrx_word' id='word_1_125' title='bbox 436 2775 582 2853; x_wconf 87' lang='lat' dir='ltr'>integrum</span> <span class='ocrx_word' id='word_1_126' title='bbox 603 2777 748 2854; x_wconf 85' lang='lat' dir='ltr'>judicium</span> <span class='ocrx_word' id='word_1_127' title='bbox 768 2777 871 2850; x_wconf 87' lang='lat' dir='ltr'>subire,</span> 
     </span>
     <span class='ocr_line' id='line_1_22' title="bbox 75 2879 774 2954; baseline 0.006 -20"><span class='ocrx_word' id='word_1_128' title='bbox 75 2887 102 2936; x_wconf 89' lang='lat' dir='ltr'>et</span> <span class='ocrx_word' id='word_1_129' title='bbox 114 2879 208 2937; x_wconf 81' lang='lat' dir='ltr'>facere</span> <span class='ocrx_word' id='word_1_130' title='bbox 221 2879 306 2948; x_wconf 86' lang='lat' dir='ltr'>bona,</span> <span class='ocrx_word' id='word_1_131' title='bbox 326 2880 412 2954; x_wconf 75' lang='lat' dir='ltr'>quim</span> <span class='ocrx_word' id='word_1_132' title='bbox 425 2879 600 2954; x_wconf 84' lang='lat' dir='ltr'>promittere,</span> <span class='ocrx_word' id='word_1_133' title='bbox 613 2880 774 2938; x_wconf 88' lang='lat' dir='ltr'>maluerim.</span> 
     </span>
    </p>

    <p class='ocr_par' dir='ltr' id='par_1_5' title="bbox 73 2963 873 3164">
     <span class='ocr_line' id='line_1_23' title="bbox 110 2963 873 3061; baseline 0.004 -22"><span class='ocrx_word' id='word_1_134' title='bbox 110 2982 261 3040; x_wconf 72' lang='lat' dir='ltr'>Hadenbs</span> <span class='ocrx_word' id='word_1_135' title='bbox 285 2963 390 3040; x_wconf 66' lang='lat' dir='ltr'>autem&#39;</span> <span class='ocrx_word' id='word_1_136' title='bbox 408 2981 593 3044; x_wconf 80' lang='lat' dir='ltr'>severioribus</span> <span class='ocrx_word' id='word_1_137' title='bbox 613 2983 775 3060; x_wconf 79' lang='lat' dir='ltr'>bibliopolae</span> <span class='ocrx_word' id='word_1_138' title='bbox 800 2984 873 3061; x_wconf 85' lang='lat' dir='ltr'>legi-</span> 
     </span>
     <span class='ocr_line' id='line_1_24' title="bbox 73 3083 873 3164; baseline 0.004 -23"><span class='ocrx_word' id='word_1_139' title='bbox 73 3085 133 3158; x_wconf 88' lang='lat' dir='ltr'>bus,</span> <span class='ocrx_word' id='word_1_140' title='bbox 147 3093 229 3144; x_wconf 89' lang='lat' dir='ltr'>notas</span> <span class='ocrx_word' id='word_1_141' title='bbox 241 3083 315 3145; x_wconf 84' lang='lat' dir='ltr'>milri</span> <span class='ocrx_word' id='word_1_142' title='bbox 328 3087 416 3163; x_wconf 74' lang='lat' dir='ltr'>quam</span> <span class='ocrx_word' id='word_1_143' title='bbox 428 3084 599 3147; x_wconf 86' lang='lat' dir='ltr'>breviffimas</span> <span class='ocrx_word' id='word_1_144' title='bbox 618 3084 802 3164; x_wconf 84' lang='lat' dir='ltr'>imponentis,</span> <span class='ocrx_word' id='word_1_145' title='bbox 820 3089 873 3145; x_wconf 85' lang='lat' dir='ltr'>ob·</span> 
     </span>
    </p>
   </div>
   <div class='ocr_carea' id='block_1_4' title="bbox 0 0 1102 3584">
    <p class='ocr_par' dir='ltr' id='par_1_6' title="bbox 0 0 1102 3584">
     <span class='ocr_line' id='line_1_25' title="bbox 0 0 1102 3584; baseline 0 2"><span class='ocrx_word' id='word_1_146' title='bbox 0 0 1102 3584; x_wconf 95' lang='lat' dir='ltr'> </span> 
     </span>
    </p>
   </div>
  </div>
 </body>
</html>
