2236 3584
135 219 242 289 vam.
439 227 634 288 cULEx
878 229 935 286 nt

136 384 303 461 Lucidaque
315 383 438 442 aethereo
449 385 533 463 ponit
545 381 709 444 discrimina
721 381 838 449 mundo,

138 485 206 543 Qut
215 486 287 562 jacit
296 487 446 546 Oceanum
458 489 587 546 flammas
599 487 632 546 in
643 496 797 561 utrumque
809 501 934 560 rapaces.

176 589 215 646 Et
223 586 285 666 jam
297 590 477 666 conpellente
489 599 570 666 vag'ae
582 590 690 667 pastore
703 587 818 665 capellae

137 689 200 748 Ima
213 690 380 750 susurrantis
392 695 529 770 repebant
543 694 579 750 ad
592 693 663 750 vada
675 690 809 768 lymphae,

139 791 215 850 Quae
228 793 323 851 subter
334 794 456 852 viridem
468 787 629 852 resrdebant
640 793 742 852 caerula
755 791 897 850 muscumr

136 895 204 972 Jarn
217 896 324 953 medias
337 915 456 972 operum
467 897 556 973 partis
568 896 681 954 evestua
693 904 754 954 erat
767 895 825 966 Sol,-

138 996 327 1055 Cumdensas
339 998 431 1075 pastor
443 1000 565 1075 pecudes
578 1001 700 1074 cogebat
711 997 742 1082 in
756 999 887 1068 umbras,

138 1098 176 1156 Et
188 1099 289 1176 procul
302 1099 431 1177 adspexit
443 1100 509 1158 luco
522 1101 640 1159 residere
653 1099 767 1168 virenti,

137 1201 224 1259 Delia
236 1202 312 1271 diva,
333 1211 398 1260 tuo:
421 1222 479 1279 quo
491 1204 644 1279 quondam,
657 1201 731 1262 ricta
744 1201 849 1269 surore,

137 1303 229 1361 Venit
242 1304 412 1381 Nyctelium
423 1304 539 1380 fugiens
552 1306 686 1363 Caducis
699 1305 810 1381 Agave,-

140 1405 277 1464 Insandas
287 1406 421 1465 scelerata
434 1427 536 1466 manus
549 1426 566 1465 e
579 1408 656 1466 caede
667 1405 799 1464 cruentd:

142 1507 227 1578 Quae,
249 1509 350 1584 gelidis
361 1510 499 1568 bacchata
507 1509 595 1588 jugis,
614 1509 757 1585 requievit
769 1508 800 1566 in
814 1518 907 1577 antro,¹

139 1611 277 1670 Posterius
289 1630 404 1689 poenam
418 1611 499 1688 gnati
511 1614 546 1670 de
558 1620 651 1670 morte
663 1609 773 1670 datura.

140 1712 201 1771 Hic
214 1714 302 1771 etiam
316 1713 401 1773 viridi
414 1715 545 1773 ludentes
558 1716 647 1772 Panes
660 1714 692 1772 in
705 1713 803 1782 herba,

141 1817 180 1876 Et
193 1817 294 1895 Satyri,
314 1819 501 1896 Dryadesque
511 1818 610 1877 choros
623 1836 707 1894 egere
719 1817 832 1894 puellae,-

140 1919 173 1978 N
174 1921 291 1979 alodum
301 1920 333 1978 in
344 1923 429 1980 coet'u.
450 1923 579 2004 Tantum
591 1939 650 1979 non
663 1919 795 1996 Orpheus
806 1917 939 1982 Hebruni

141 2023 304 2082 Restantem
317 2025 412 2082 tenuit
424 2023 502 2100 ripis,
523 2024 668 2100 silvasque,
688 2022 826 2091 canendo,

142 2126 296 2184 Quantum
309 2137 338 2186 te
350 2145 460 2205 pernox
472 2109 762 2194 remorantem,'diva,
775 2123 888 2194 chorea,
915 2149 919 2164 ·
959 2203 961 2209 Ι

141 2221 240 2287 Multa
254 2228 309 2287 tibi
321 2230 388 2288 laeto
399 2227 554 2288 fundentes
568 2227 672 2306 gaudia
685 2227 783 2298 vultu,

141 2330 207 2407 Ipsa
219 2330 279 2388 loci
293 2339 393 2389 natura
408 2331 527 2389 domum
539 2331 688 2388 resonante
700 2327 812 2387 susurro

144 2433 218 2492 outa
232 2435 326 2503 dabat,
347 2442 377 2490 et
390 2433 468 2491 dulci
481 2433 562 2492 sellas
576 2433 723 2491 refovebat
735 2431 768 2489 in
780 2431 893 2492 umbri.

181 2535 261 2592 Nam
274 2535 402 2612 primum
414 2535 504 2612 proni
516 2535 671 2612 surgebant
683 2534 757 2592 valle
769 2541 899 2610 patentes

142 2635 241 2694 Ae'riae
253 2637 401 2713 platanus3
422 2638 498 2694 inter
509 2656 580 2714 quas
592 2637 670 2713 inpia
684 2637 766 2704 lotos,

144 2737 238 2814 Inpia,
260 2759 324 2815 quae
336 2739 424 2797 socios
437 2739 530 2798 Ithaci
544 2739 687 2797 maerentis
699 2738 806 2814 abegit,

143 2838 267 2917 Hospita
280 2843 352 2900 dum
364 2843 454 2900 nimii
467 2841 562 2900 tenuit
575 2841 727 2900 dulcedine
739 2849 843 2916 captos.

143 2944 196 3012 At,
216 2943 329 3020 quibua,
348 2944 455 3022 infigni
467 2963 552 3003 curru
564 2941 703 3020 projedua
716 2959 865 3017 equorum,

142 3046 302 3105 Ambustus
314 3047 463 3106 Pbadrbon
474 3047 556 3105 luctu
568 3053 729 3104 mutaverat
741 3053 827 3114 artus,

142 3147 292 3222 Heliades,
313 3149 418 3208 teneris
432 3149 556 3240 inplexae
569 3147 684 3226 brachia
699 3145 816 3217 truncis,
