2194 3584
135 219 240 284 7³17&
303 233 306 240 ⁴
453 207 552 271 ΜΒ.
573 221 577 230 '
592 213 618 272 1.
894 214 935 280 59

134 365 207 427 visa
220 367 438 427 subobscurum
450 369 555 440 noctis,
576 365 756 450 pecudesque
767 365 903 442 loquutae,

138 470 308 529 Infandum!
337 470 437 530 sistunt
452 491 559 542 amnea,
580 480 718 546 terraeque
731 468 896 538 debiscunt3

138 575 176 632 Et
193 573 323 632 maestum
343 573 507 636 inlacrimat
526 572 641 650 templis
659 573 738 641 ebur,
758 589 871 647 aeraque
890 569 937 628 su·

215 677 295 734 daut.
797 665 800 670 ’

138 777 256 849 Proluit,
276 778 375 840 insum
389 788 579 855 contorquens
591 776 708 847 vertice,
729 777 811 835 filvas

86 943 88 948 ,
138 881 306 942 Fluviornrn
317 896 369 938 rex
383 880 531 948 Eridanus,
551 897 723 956 camposque
733 897 785 956 per
797 878 891 937 omnis

139 984 215 1042 Cum
229 983 344 1040 stabulis
357 991 484 1040 armenta
498 981 575 1040 tulit.
616 982 680 1040 Nec
695 992 823 1059 tempore
836 981 938 1040 eodem

137 1084 278 1144 Tristi-bun
291 1093 342 1142 aut
353 1083 428 1144 extis
441 1083 521 1142 fibrae
533 1085 667 1162 adparere
680 1083 814 1152 minaces,

139 1189 203 1244 Aut
215 1187 309 1264 puteis
321 1205 437 1246 manare
449 1205 532 1245 cruor
543 1186 672 1258 ceffnvit5
694 1195 725 1244 et
737 1187 803 1245 altae

140 1293 197 1348 Pcr-
205 1291 320 1354 noctem
332 1288 470 1358 resonare,
489 1289 565 1366 lupis
577 1288 763 1358 ululantibus,
776 1289 869 1348 urbes.

141 1393 211 1452 Non
225 1393 294 1452 alias
306 1392 379 1450 coelo
391 1391 556 1460 ceciderunt
567 1391 648 1468 plura
662 1391 760 1448 sereno

142 1497 281 1574 Fulgura,
303 1513 356 1552 nec
366 1493 421 1552 diri
436 1493 518 1551 toties
531 1493 622 1550 arsere
634 1504 763 1550 cornetae.

143 1600 219 1676 Ergo
231 1598 307 1656 inter
319 1596 377 1654 sese
390 1596 504 1674 paribus
517 1614 684 1653 concurrere
697 1596 761 1654 telis

144 1702 286 1758 Romanas
299 1697 373 1757 acies
386 1697 492 1756 iterum
506 1697 604 1756 videre
617 1696 759 1774 Philippi:

144 1805 209 1861 Nec
221 1802 279 1861 fuit
291 1801 445 1878 iudignum
459 1799 574 1877 superis,
593 1801 637 1858 bia
650 1801 788 1878 sanguine
802 1804 894 1860 nostro

144 1905 307 1964 Emathiam
321 1914 352 1962 et
363 1905 434 1961 latos
447 1902 544 1960 Haemi
556 1902 741 1981 pinguescere
754 1923 869 1982 campos

145 2008 272 2068 Scilicet!
295 2007 333 2065 Et
345 2015 458 2084 tempus
471 2005 577 2075 veniet,
595 2025 687 2082 quum
699 2007 805 2066 finibus
817 2009 876 2066 illis

144 2107 292 2189 A'gn'cola,
312 2110 432 2168 incurro
443 2120 548 2167 terram
561 2109 677 2168 molitus
689 2121 791 2184 aratro,

145 2214 236 2274 Euesa
249 2212 377 2271 inveniet
390 2211 486 2270 scabri
499 2211 631 2288 robigine
643 2212 711 2289 pila,

146 2320 209 2375 Ant
222 2316 357 2398 gravibua
371 2313 462 2372 rastris
475 2313 568 2389 galeas
580 2314 706 2390 pulsabit
718 2315 820 2385 inanis,

145 2420 331 2495 Grandiaque
343 2417 445 2476 esibilia
459 2415 611 2476 mirabitur
623 2417 679 2475 offa
692 2418 836 2496 sepulcris.

185 2523 226 2581 Di
238 2522 324 2600 patrii
337 2521 492 2598 Indigetes,
506 2531 536 2578 et
546 2522 677 2590 Romule,
688 2522 829 2598 Vestaque
842 2533 944 2596 mator,
980 2581 983 2588 ,

148 2628 225 2684 Ouae
236 2623 364 2682 Tuscum
375 2623 505 2681 Tiberim
517 2631 548 2680 et
561 2623 690 2682 Romana
701 2625 809 2684 Palatia
821 2626 923 2698 servas,

147 2730 237 2786 Hunc
248 2727 348 2785 saltem
360 2725 457 2786 everso
465 2723 604 2802 juvenem
618 2725 781 2784 succurrere
792 2726 873 2786 saeclo

148 2833 197 2890 Ne
208 2830 371 2909 prohibete!
394 2829 466 2887 Satis
475 2827 537 2905 jam
548 2828 660 2906 pridem
670 2829 808 2907 sanguine
821 2833 916 2892 nostro

149 2933 369 2992 Laomedonteae
381 2933 488 2990 luimus
500 2931 623 3010 perjuria
634 2932 737 3010 Trojae.

149 3039 214 3114 Jam
228 3035 340 3112 pridem
352 3035 434 3093 nobia
446 3033 512 3092 eoeli
526 3043 555 3090 te
568 3035 656 3111 regia,
676 3035 779 3105 Caesar,

150 3139 273 3206 Invidet,
282 3147 367 3214 atque
376 3136 762 3212 hominumqueriturcurare
772 3138 945 3216 triumphos:
