2208 3574
426 201 471 249 IN
502 202 745 250 VIRGILIUM

227 341 257 387 Et
275 342 375 390 inversu
392 358 450 390 nunc
468 344 549 404 agitato
567 343 643 392 reseras
658 344 727 391 velim
744 342 862 390 diffiooen
883 339 990 396 ‘flendm¹

194 428 273 476 “dum
284 429 349 476 fletur
355 430 449 494 undique
458 431 487 478 ob
495 432 608 492 lugubrem
618 432 733 491 cantum‚'’
744 428 871 478 nonminds
880 429 906 478 ad
916 427 997 475 omnia

194 517 343 576 praecedentia.
374 517 493 582 Appolims
506 520 537 566 est
550 519 656 580 gemellus
666 519 743 567 Ovidii
755 520 825 578 locus,
839 528 865 564 ut
882 517 937 564 nibil
952 516 995 562 su·

195 601 234 666 pri
242 625 250 666 ς
268 614 320 653 md.
331 621 355 652 x·
368 619 408 666 40.

320 694 385 741 Talia
394 693 511 753 dicentem,
526 710 645 758 nervosque
654 695 681 742 ad
691 694 755 741 verbu
765 701 901 750 moventem,

320 780 562 842 Exnngues‘flebant·
572 783 666 840 animer
683 797 722 829 nec
732 781 839 828 Tantalus
849 779 932 826 undam
989 823 992 828 ,

323 869 425 930 Captarit
436 867 543 930 refugam,
559 873 568 900 ⁴
574 869 697 934 stupuitque
708 869 793 916 Ixionis
801 867 873 916 orbis!

321 955 387 1002 Tunc
394 955 492 1018 primdm
502 957 653 1022 ‘hchrymlaf
662 957 771 1004 vittarum
782 956 887 1014 minim,
893 953 953 1003 sama
959 954 995 1000 eli

324 1043 474 1091 Eumenidum
484 1044 603 1092 ‘maduisse
612 1045 691 1104 genas!

193 1129 253 1176 Hinc
263 1128 347 1190 optimi
357 1132 462 1192 quadrant
473 1147 526 1178 mox
536 1133 645 1180 venientia
655 1132 682 1178 ad
691 1145 748 1178 vers.
762 1143 815 1195 505.

319 1221 371 1284 Quo
381 1222 390 1250 ‘
397 1219 451 1266 fletu
462 1221 554 1278 manes,‘
564 1216 607 1282 qud
619 1219 710 1266 nurnine
721 1233 784 1276 vote,
794 1219 909 1266 moveret?

191 1303 256 1368 prout
265 1303 327 1352 antei
339 1307 420 1354 ‘fletu'
431 1305 511 1354 scilicit
522 1307 626 1356 ‘manes'
637 1317 744 1356 moverat.

224 1395 278 1441 Ver.
289 1407 346 1455 493.
367 1396 437 1442 Intuli
452 1396 554 1443 lesliones
569 1396 679 1454 codicum,
694 1409 746 1442 meo
758 1393 849 1455 judicio,
867 1393 928 1440 sensu
943 1393 996 1440 cla·

191 1481 265 1540 riores,
281 1491 303 1527 et
318 1491 389 1529 metro
409 1483 570 1531 concinniores:
587 1484 665 1546 quibus
676 1479 745 1530 etiIm
758 1478 840 1528 ultimo
852 1481 939 1529 debetur
949 1481 995 1527 alia

192 1571 263 1618 Mss.
273 1571 365 1618 variatio
375 1572 505 1629 ‘laudatur,'
522 1573 539 1619 li
548 1572 633 1635 penitds
641 1567 745 1620 attendas.
816 1571 818 1576 ’

222 1659 279 1706 Ver.
292 1669 347 1720 509.
366 1659 431 1707 Nibil
447 1675 518 1708 morer
533 1657 634 1723 equidim
645 1659 756 1722 judicium
770 1659 823 1716 viri,
843 1661 881 1722 qui
898 1658 991 1706 lessioni

191 1747 269 1793 nostra
279 1748 390 1806 vulgatam
406 1748 467 1810 possit
481 1746 595 1795 anteserre.
625 1749 727 1795 ‘Antro'
741 1748 762 1794 se
771 1748 898 1795 abscondere
908 1747 931 1793 in
942 1747 990 1794 istis

191 1834 313 1894 regionibus
325 1849 370 1881 non
383 1835 432 1881 esset
442 1835 463 1882 se
473 1835 544 1898 ipsum
554 1835 678 1893 cruciantis,
694 1837 729 1882 sed
742 1835 848 1899 parcentis
861 1834 907 1894 fibi,
923 1845 991 1898 atque

191 1923 338 1984 indulgentis:
356 1933 382 1969 ut
392 1925 463 1970 noller
472 1921 544 1986 sopri,
560 1923 595 1971 iil.
609 1923 663 1985 376.

317 2011 361 2073 Ipsr
371 2011 423 2057 ‘in’
434 2009 515 2058 desoffis
526 2011 661 2074 ‘specubus'
672 2013 744 2059 secura
755 2011 809 2058 ‘sub
818 2007 875 2058 altt’

317 2102 325 2129 ‘
335 2099 389 2146 Otia
399 2108 466 2158 agunt
475 2095 533 2146 terrl
542 2097 559 2146 ι’

189 2186 227 2233 cui
238 2185 344 2232 consentit
356 2187 455 2243 Tacitus,
472 2187 498 2232 de
507 2201 564 2232 mor.
575 2187 653 2232 Germ.
664 2185 709 2232 xvi.
724 2186 762 2232 ubi
772 2186 844 2234 videas
854 2183 990 2244 Brotierum,

188 2274 227 2334 qui
239 2274 295 2320 mihi
306 2275 418 2335 ptaerlpuit
427 2275 502 2320 locum
511 2255 587 2329 Melae,
605 2274 629 2320 ii.
647 2287 667 2320 ι.
679 2287 719 2334 92·
735 2283 758 2320 et
767 2273 875 2322 Diodorus
891 2273 990 2332 Siculus,

188 2361 206 2408 r.
218 2359 241 2410 s.
256 2375 309 2408 eum
325 2357 415 2420 seneca,
431 2345 562 2422 tanqum.
572 2361 604 2408 tv.
617 2375 641 2408 ι.
651 2375 708 2408 vers.
718 2360 758 2408 fin.
790 2359 867 2408 nterea
882 2361 987 2419 oraru,

189 2458 244 2495 met.
254 2449 311 2498 xiiis
323 2448 378 2495 812.

318 2539 374 2585 Sunt
385 2538 450 2594 mibi,
466 2552 514 2599 pars
523 2537 612 2595 montis,
627 2537 680 2584 vivo
690 2537 803 2599 pendentia
811 2537 862 2584 saxo

316 2627 405 2673 ‘Antra
412 2626 428 2672 :¹
445 2625 523 2687 quibus
533 2639 572 2670 nec
583 2624 614 2670 sol
624 2625 696 2671 medio
707 2625 798 2674 sentitur
807 2625 832 2674 in
841 2626 904 2684 astu,

319 2715 382 2762 ‘Nec
392 2714 484 2761 sentitur
493 2714 572 2774 hyeme
581 2711 597 2759 ι’

188 2810 209 2846 et
219 2801 275 2848 Fast.
286 2801 318 2848 iv.
333 2814 386 2866 505.
401 2801 491 2848 disticho
501 2797 564 2861 longi
575 2799 735 2863 pulcherrimo:

314 2889 376 2936 ‘Sub
385 2890 456 2953 Jove'
467 2888 552 2934 duravit
563 2888 640 2934 multis
651 2888 744 2935 immota
754 2887 837 2945 diebus,

376 2977 406 3022 Et
416 2976 501 3022 ‘Lunae
511 2973 606 3036 patiens'
617 2984 640 3020 et
650 2975 751 3036 pluvialis
760 2990 830 3037 aquae.

218 3061 270 3130 Jarn
281 3059 330 3109 verb
339 3057 408 3125 quim
417 3061 515 3123 pertinax
525 3070 608 3123 oportet
619 3061 701 3124 Orphei
711 3062 771 3112 dolor
788 3062 863 3122 suerit,
877 3063 915 3125 qui
926 3078 982 3112 noer
