2242 3576
159 179 218 239 206
424 171 699 250 AE'Nmnos,
846 186 953 239 assa

160 335 224 393 Rex
237 341 297 393 orat
309 333 418 394 AEneas
430 337 521 406 nobis,
542 357 600 414 quo
607 336 708 415 justior
720 337 799 404 alter,

160 437 226 494 Nec
238 436 344 513 pietate
356 438 422 509 suit,
443 457 495 500 nec
507 441 584 498 bello
596 439 693 517 major,
713 447 743 497 et
756 437 854 496 armis:

55 554 56 558 ’
163 539 261 595 Quem
274 537 294 596 fi
308 539 366 597 fata
379 540 473 599 virum
487 541 606 610 servant,
626 543 647 599 sr
661 540 782 600 vescitur
794 539 862 598 auri

159 639 305 710 AEtherid,
317 659 410 718 neque
421 643 515 702 adhuc
526 631 687 702 crudelibus
700 645 820 700 occubat
832 635 940 700 umbris
944 665 954 714 ς

162 741 233 800 Non
245 753 346 813 metus,
366 745 462 804 officio
475 765 511 803 ne
524 755 553 802 te
566 745 681 803 certasse
693 746 819 824 priorem

163 845 312 904 Poeniteat.
353 847 424 904 Sunt
436 857 466 905 et
479 847 580 905 Siculis
591 847 754 924 regionibus
767 840 858 913 urbes,

164 949 308 1024 Arvaque,
327 947 507 1025 Troianoque
520 969 535 1006 a
549 947 687 1025 sanguine
700 948 791 1006 clarus
803 946 925 1006 Acesles.

165 1051 332 1108 Quassatam
344 1051 444 1118 ventis,
464 1051 548 1108 liceat
562 1050 715 1108 subducere
727 1049 850 1120 classem,

164 1153 202 1210 Et
215 1153 288 1212 srlvis
302 1162 396 1228 aptare
410 1155 510 1222 trabes,
531 1161 561 1210 et
574 1153 708 1229 stringere
720 1171 820 1210 remos.

165 1255 196 1312 Si
209 1256 292 1312 datur
304 1254 426 1323 Italiam,
446 1254 527 1312 sociis
540 1264 569 1312 et
582 1275 649 1332 rege
661 1264 783 1332 recepto,

164 1355 305 1424 Tendere,
318 1365 351 1412 ut
364 1356 477 1414 Italiam
488 1357 548 1414 laeti
560 1357 732 1434 Latiumque
744 1365 886 1432 petamus:

166 1457 217 1516 Sin
229 1449 357 1516 absumta
375 1457 458 1527 salus,
477 1466 508 1514 et
521 1469 557 1527 te,
577 1468 658 1535 pater
674 1467 791 1535 optume
803 1455 960 1527 Teucrum,

165 1563 271 1620 Pontus
284 1561 370 1620 habet
385 1562 492 1640 Libyae,
513 1581 566 1619 uec
579 1561 639 1638 spes
645 1561 707 1638 jam
720 1561 803 1619 restat
815 1561 886 1632 Iuli;

166 1665 211 1722 At
223 1664 296 1722 freta
310 1663 429 1722 Sicaniae
442 1663 550 1746 saltem,
570 1665 704 1740 sedesque
716 1672 835 1744 paratas,

168 1767 254 1825 Unde
267 1766 324 1824 huc
338 1766 456 1836 advesti,
476 1785 630 1842 regemque
643 1775 771 1842 petamus
784 1767 916 1824 Acesten.

206 1869 325 1928 Talibus
339 1869 478 1926 Ilioneus:
501 1867 597 1926 cunffi
613 1867 694 1926 fimul
708 1887 756 1926 ore
769 1857 930 1926 fremebant

168 1969 349 2030 Dardanidae.

206 2075 285 2132 Tum
296 2074 419 2132 breviter
430 2071 516 2143 Dido,
532 2076 642 2136 voltum
655 2073 779 2143 demissa,
799 2075 939 2150 profatur:

169 2176 275 2235 Solvite
287 2178 371 2233 corde
384 2167 504 2247 metum,
516 2176 622 2234 Teucri
628 2201 636 2247 ;
659 2175 795 2234 secludite
807 2195 897 2234 curas.
952 2213 955 2217 ·

169 2277 225 2335 Res
239 2278 308 2335 dura
321 2287 350 2334 et
363 2279 445 2354 regni
459 2277 567 2336 novitas
580 2297 627 2336 me
641 2279 708 2336 talia
720 2288 828 2355 cogunt
936 2265 938 2272 ’

169 2379 280 2450 Moliri,
302 2389 331 2436 et
344 2380 400 2437 late
413 2379 478 2436 finis
491 2377 604 2437 custode
617 2380 701 2438 tueri.

171 2480 248 2540 Quis
260 2499 350 2558 genus
362 2480 537 2549 sEneadum,
550 2482 614 2556 quis
628 2480 721 2558 Trojae
734 2483 840 2540 neseiat
851 2484 963 2555 urbem,

170 2584 366 2660 virtutesque,
381 2583 521 2659 virosque,
541 2593 590 2640 aut
604 2585 676 2641 tanti
690 2584 819 2642 incendia
833 2585 916 2643 belli?

171 2687 240 2744 Nou
253 2685 351 2744 obtusa
365 2686 436 2743 adeo
449 2684 587 2762 gestamus
600 2687 711 2762 pestora
725 2686 813 2757 Poeni,

170 2788 203 2847 N
204 2808 236 2846 ee
251 2799 308 2848 tam
323 2787 433 2846 aversus
445 2807 532 2863 equos
544 2787 633 2864 Tyria
646 2787 692 2844 Sol
701 2785 800 2864 jungit.
813 2789 849 2845 ab
863 2789 945 2847 urbe.

171 2891 226 2948 Seu
239 2909 288 2948 vos
300 2889 469 2966 Hesperiam
482 2909 618 2966 magnam
631 2881 817 2964 Saturniaque
828 2907 903 2958 arva,

171 2991 237 3046 Sive
249 2992 348 3082 Erycis
361 2991 426 3048 finis
439 3009 593 3067 regemque
606 2991 710 3066 optatis
723 2991 843 3047 Acesten
849 3015 859 3062 3

54 3095 56 3102 ’
171 3091 292 3150 Auxilio
306 3083 386 3150 tutos‘
394 3092 548 3164 dimittam,
564 3093 726 3168 'opibusque
734 3090 851 3168 juvabo.
873 3146 874 3152 ,
