2236 3584
164 178 226 230 200
426 170 700 239 AENEIDOS,
846 171 959 224 mua.

169 322 283 401 Europe
295 331 382 400 atque
394 325 462 384 Afis
474 325 580 403 ptdsns.
624 327 689 386 Nec
700 324 780 402 plura
793 327 961 399 querentem
1023 288 1028 296 ⁸

169 426 247 484 Paffa
259 427 358 485 Venus
370 427 467 486 medio
479 429 516 486 fic
528 429 663 488 interfata
676 427 771 485 dolore
784 425 837 483 est:

210 526 347 602 Quisquis
358 547 397 598 es,
408 528 494 598 haud,
502 531 595 600 credo,
604 528 709 590 inrisus
717 525 873 586 scelestibus
881 541 963 582 auras
1084 609 1087 616 Ι

170 629 281 696 Vitales
293 631 394 708 carpis,
406 633 525 708 Tyriam
538 633 589 708 qui
599 632 747 692 adveneris
757 633 873 688 urbem:

171 733 260 808 Perge
269 733 364 804 modo,
376 742 462 809 atque
472 735 541 792 hinc
548 743 577 792 te
587 734 694 812 reginae
704 734 742 792 ad
749 731 850 790 limina
860 730 963 807 perfer.

171 835 308 910 Namque
321 833 374 892 tibi
387 835 503 894 reduces
517 836 623 906 socios,
634 837 803 912 datiamque
814 833 933 893 relatam

172 937 297 1006 Nuntio,
316 945 345 996 et
357 937 390 996 in
402 947 499 996 tutum
512 939 596 998 vertis
610 938 789 1015 aquilonibus
802 937 908 994 abiam:

173 1038 217 1096 Ni
228 1039 328 1096 frustra
340 1039 493 1114 augurium
504 1041 571 1100 vani
584 1041 705 1100 docuere
717 1043 856 1116 parentes.

174 1139 299 1216 Adspice
312 1140 449 1200 bia-senos
462 1142 584 1208 laetantis
596 1143 711 1218 agmine
719 1159 837 1218 cycnos,

175 1241 310 1300 AEtheria
324 1261 395 1318 quos
407 1243 484 1320 lapsa
497 1245 581 1321 plagi
593 1243 671 1320 Jovis
684 1244 742 1302 ales
755 1250 852 1320 aperto

175 1347 324 1418 'Ibrbabat
336 1347 422 1406 coelo:
445 1365 522 1406 nunc
536 1357 622 1406 terras
634 1347 735 1407 ordine
747 1347 835 1422 longo

177 1448 241 1505 Aut
253 1467 362 1523 capere,
381 1459 431 1506 aut
443 1461 537 1527 captas
546 1449 608 1527 jam
621 1451 789 1526 despebiare,
807 1448 949 1507 videntur.

178 1549 223 1606 ut
235 1550 352 1608 reduces
364 1529 409 1606 sin
421 1551 526 1610 ludunt
537 1552 718 1611 ardennam
731 1553 792 1621 aris,

179 1651 217 1708 Et
230 1661 307 1708 coetu
320 1651 434 1710 cinxere
446 1653 553 1728 polum,
571 1663 726 1732 cantusque
739 1655 841 1714 dedere
848 1679 857 1726 ς

179 1753 272 1810 Haud
280 1751 364 1810 aditet
376 1772 540 1830 puppesque
553 1764 618 1824 tuae,
637 1759 783 1834 pubesque
795 1766 911 1816 tuorum

180 1855 245 1914 Aut
256 1864 372 1932 portum
385 1863 474 1926 tenet,
494 1865 544 1914 aut
556 1857 640 1932 pleno
653 1857 729 1916 subit
741 1857 810 1916 ostia
822 1858 894 1916 velo.

181 1959 270 2034 Perge
278 1957 369 2032 *modo
376 1981 385 2030 5
407 1968 446 2026 et,
462 1957 518 2034 qud
535 1967 563 2015 te
576 1959 656 2018 ducit
668 1959 724 2030 via,
738 1959 830 2036 dirige
843 1957 973 2036 greffum

220 2059 318 2131 Dixit5
340 2069 379 2130 et,
398 2069 536 2130 avertens,
557 2060 634 2118 rosea
647 2061 756 2120 cervice
768 2061 887 2130 refirlfit,

181 2161 398 2237 Ambrofiaeque
410 2181 500 2220 comas
513 2161 644 2220 divinum
656 2163 762 2222 vertice
774 2164 891 2222 odorem

184 2263 329 2340 Spiravere
336 2287 346 2334 ;
366 2264 451 2339 pedes
463 2264 544 2322 vestis
556 2264 678 2322 defluxit
690 2265 727 2322 ad
738 2264 820 2336 iosos,

183 2368 222 2426 Et
234 2384 300 2424 vera
311 2364 421 2422 inceffu
433 2365 527 2440 patuit
539 2367 601 2424 dea.
640 2366 703 2435 Ille,
722 2366 773 2424 ubi
786 2373 908 2428 matrem

184 2466 325 2544 Agnovit,
345 2466 397 2526 tali
410 2466 572 2542 fugientem
584 2467 624 2524 est
635 2486 704 2528 voce
717 2467 842 2525 secutus:

187 2569 270 2645 Quid
283 2576 383 2626 natum
397 2567 490 2638 toties,
509 2568 631 2626 crudelis
643 2576 675 2626 tu
686 2587 808 2644 quoque,
828 2568 902 2626 saliis

186 2671 276 2732 Ludis
287 2669 478 2746 imaginibus?
499 2689 550 2728 cur
562 2671 669 2728 dextra
676 2669 799 2750 jungere
811 2672 943 2730 dextram

187 2774 258 2832 Non
271 2773 364 2840 datur,
383 2790 416 2830 ac
428 2790 508 2830 veras
520 2771 618 2832 audire
630 2781 660 2832 et
672 2775 789 2860 reddere
801 2775 902 2840 voces?

187 2875 305 2934 Talibus
318 2873 441 2943 incusat,
460 2874 637 2952 greffumque
650 2877 687 2936 ad
699 2877 804 2936 moenia
820 2875 922 2934 tendit.

188 2980 232 3036 At
246 2979 345 3050 Venus
358 2975 475 3034 obscuro
487 2977 643 3054 gradientis
656 2979 719 3036 aire
731 2979 830 3056 saepfis
899 3031 901 3036 .

189 3080 228 3137 Et
240 3079 332 3138 multo
345 3078 458 3136 nebula
471 3079 581 3138 circum
593 3080 645 3138 dea
657 3079 734 3138 fudit
745 3081 864 3140 amidu:

1097 2617 1102 2636 d
