2236 3584
284 575 314 632 r.
337 573 569 634 V1un1n11
601 575 844 641 Minurus

426 747 692 832 CULEX.

247 1021 250 1031 “
369 1011 432 1062 ΑΒ
473 1011 753 1064 OCTAVIUM.

419 1288 704 1338 ...φ-Ἀ

159 1551 321 1650 Liternus,
342 1579 454 1650 Οᾶενί,
474 1583 574 1660 gracili
587 1584 753 1643 modulante
765 1581 885 1653 Thali&

159 1688 267 1762 Atque,
288 1697 321 1746 ut
332 1692 467 1762 araneoli
487 1703 605 1752 tenuem
616 1690 801 1750 formavimus
813 1688 918 1747 orsum.

159 1789 302 1849 Lusrmus:
325 1793 387 1850 haec
399 1805 514 1872 propter
526 1793 635 1852 Culicis
647 1795 703 1852 srnt
716 1793 843 1850 carmina
856 1791 939 1850 dieta.

158 1892 263 1950 Omnis
275 1903 309 1951 ut
321 1893 442 1954 histon'ae
454 1915 505 1974 per
516 1897 618 1955 ludum
631 1895 766 1954 consonet
778 1895 847 1952 ordo

156 1993 288 2066 Notitiae,
308 1997 410 2056 ducam
424 2017 519 2056 voces:
541 1999 609 2056 licet
622 1997 736 2092 invidus
748 1996 828 2055 adsit.
900 2007 904 2016 ’

157 2096 296 2173 Quisquis
309 2099 362 2157 erit
377 2100 492 2188 culpare
500 2099 589 2177 jocos,
602 2100 783 2176 Musamque,
804 2106 932 2176 paratutr
949 2137 950 2140 =

155 2199 281 2258 Pondere
292 2201 338 2258 vel
352 2202 461 2260 Culicis
473 2203 573 2286 levior,
592 2201 737 2278 famique,
756 2201 874 2259 feretur.

121 2315 126 2321 “
155 2303 292 2362 Posterius
304 2304 516 2383 gravioresono
528 2305 583 2362 tibi
596 2305 681 2362 Musa
694 2305 826 2380 loquetur

154 2389 271 2462 Nostra:
287 2406 397 2463 dabunt
406 2425 473 2464 curn
482 2406 593 2464 securos
601 2406 675 2464 mihi
686 2415 813 2482 tempora
824 2404 948 2464 fruitus:

154 2505 197 2563 Ut
211 2506 264 2564 tibi
277 2508 365 2584 digna
379 2517 428 2566 tuo
440 2508 585 2586 poliantur
598 2508 724 2568 carmina
737 2508 830 2568 sensu.

123 2624 124 2629 ’
191 2611 319 2680 Latonae,
332 2611 488 2687 magnique
501 2613 585 2669 decus
597 2611 685 2690 Jovis,
705 2629 790 2668 aurea
802 2610 903 2687 proles,

152 2711 283 2783 Phoebus,
303 2713 359 2771 erit
371 2714 457 2772 nostri
469 2713 601 2791 princeps
614 2723 643 2770 et
657 2711 790 2774 carminis
803 2712 911 2780 entier,
948 2767 951 2772 ,
1031 2735 1035 2742 ’

150 2813 188 2872 Et
200 2815 345 2874 recinente
357 2816 419 2892 lyri
431 2815 540 2874 fautor:
564 2815 620 2874 five
632 2816 736 2873 educat
747 2813 831 2872 illum

58 2949 63 2958 ·
144 2916 238 2994 Alma
251 2917 413 2978 Chimaeren
426 2917 558 2976 Xanthus
571 2917 684 2994 perfusa
697 2916 817 2992 liquore,

149 3020 205 3078 Seu
217 3038 317 3077 nemus
329 3019 458 3088 Asteriae,
478 3019 526 3076 seu
539 3019 596 3094 qui
609 3019 746 3078 Parnaffia
760 3037 843 3096 rupes

149 3119 228 3180 Hinc
241 3131 327 3202 atque
340 3121 408 3182 hinc
419 3121 517 3199 patuit
529 3120 688 3206 praepandit
702 3139 807 3180 cornua
820 3121 929 3206 fronte,¹
