2208 3574
200 203 261 263 260
410 227 412 234 ’
460 203 735 274 AE'NEIDOS,
885 209 996 262 ’1.334.

203 353 275 416 Pars·
283 357 409 417 Heleno:
431 358 482 436 qui
494 360 638 418 Chaonios
650 358 820 438 cognomine
833 363 956 434 campos,
979 356 987 370 “’

203 439 419 536 Chaoniamque
431 481 547 520 omnem
558 461 682 540 Trojano
695 481 712 520 a
722 461 840 520 Chaone
852 459 942 530 dixit3

203 565 404 638 Pergamaque,
415 562 588 640 Iliacamque
596 562 675 640 jugis
687 563 761 622 hanc
770 561 881 621 addidit
891 579 994 620 arcem,

200 663 258 722 Sed
271 663 326 722 tibi
339 664 389 739 qui
401 664 515 722 cursum
527 665 616 737 venti,
636 684 701 741 quae
711 665 781 733 sata,
794 665 915 722 dedere?

202 767 266 824 Aut
278 765 412 840 quisnam
423 766 556 842 ignarum
568 767 667 824 nostris
680 768 749 825 deus
761 765 871 843 adpulit
883 765 954 823 oris?

204 866 368 943 Quid'puer
380 867 534 940 Ascanius,
554 869 713 946 superatne,
732 877 762 925 et
774 867 897 927 vescitur
909 867 995 926 aurai

205 969 304 1026 Quem
317 969 372 1028 tibi
381 967 442 1046 jam
452 969 539 1046 Troja
558 973 576 1010 ⁴*
592 974 611 1010 ὓ
627 974 646 1012 i
662 974 681 1012 ii
765 1000 767 1008 v
822 997 825 1006 ·

202 1071 304 1146 Ecqua
317 1079 414 1130 tamen
426 1091 514 1148 puero
526 1072 566 1130 est
578 1072 684 1130 amissae
696 1091 763 1130 cura
775 1073 917 1149 parentis?

204 1171 315 1248 Ecquid
329 1173 361 1230 in
375 1173 522 1249 antiquam
535 1174 680 1244 virtutem,
700 1175 865 1250 animosque
876 1174 976 1242 virilis,

204 1274 243 1332 Et
254 1281 336 1350 pater
347 1275 465 1343 AEneas,
483 1283 514 1332 et
525 1277 682 1334 avtmculus
693 1277 801 1335 excitat
813 1277 936 1334 Honor?

241 1375 326 1434 Talia
338 1375 477 1434 fundebat
488 1377 647 1448 lacrimans,
666 1379 822 1456 longosque
834 1378 929 1436 ciebat

204 1476 345 1534 Incallbm
356 1477 454 1548 fletus3
476 1497 567 1553 quum
578 1479 636 1536 sese
648 1499 665 1536 a
678 1479 820 1538 moenibus
831 1479 913 1537 heros

204 1576 358 1636 Priamides
369 1579 469 1636 multis
482 1579 610 1637 Helenus
622 1579 823 1650 comitantibus
836 1581 939 1649 adfert,

205 1677 420 1756 Adgnoscitque
432 1679 504 1750 suos,
523 1681 661 1756 laetusque
674 1683 709 1740 ad
722 1682 823 1742 limina
835 1683 925 1754 ducit,

204 1780 246 1838 Et
257 1779 371 1838 vultum
383 1781 509 1840 lacrimis
521 1785 606 1840 verba
618 1783 694 1841 inter
707 1784 816 1862 fingula
828 1785 936 1846 fundit.

205 1883 338 1952 Procedo,
358 1891 387 1941 et
400 1901 516 1960 parvam
527 1885 652 1964 Trojam,
668 1887 854 1964 simulataque
866 1888 979 1966 magnis

204 1985 349 2062 Pergama,
368 1995 400 2044 et
411 1995 539 2048 arentem
551 1990 662 2048 Xanthi
674 1992 845 2067 cognomine
858 1993 951 2052 rivum

204 2085 369 2162 Adgnosoo,
390 2089 531 2166 Scaeaeque
545 2091 699 2168 ampledior
710 2093 811 2151 limina
823 2103 920 2171 portae.
960 2123 963 2126 ·
1045 2139 1048 2146 .

204 2188 270 2250 Nec
282 2207 342 2247 non
353 2198 384 2248 et
394 2191 500 2250 Teucri
511 2192 586 2250 socia
599 2193 682 2251 simul
693 2197 765 2252 urbe
776 2195 921 2255 fruuntur.

205 2289 273 2348 Illos
285 2291 440 2368 porticibus
451 2311 502 2350 rex
514 2294 674 2372 adcipiebat
686 2295 717 2353 in
730 2296 847 2374 amplis:

204 2391 297 2450 Aulai
307 2391 340 2450 in
351 2393 447 2452 medio
459 2393 588 2453 libabant
598 2399 701 2472 pocula
713 2397 827 2470 Bacchi,

206 2486 337 2570 Inpositis
351 2512 420 2552 auro
432 2495 561 2572 dapibus,
580 2508 745 2576 paterasque
758 2501 904 2558 tenebant.

220 2622 225 2630 ⁴¹
245 2595 368 2672 Jamque
381 2596 451 2666 dies,
470 2597 598 2674 alterque
613 2599 682 2669 dies,
701 2601 832 2678 precellit
838 2627 848 2673 3
869 2610 899 2659 et
912 2596 989 2661 aurae'

205 2697 279 2758 Vela
291 2710 395 2758 vocant
399 2724 409 2771 3
431 2701 599 2778 tumidoque
613 2702 731 2762 inflatur
744 2706 873 2766 carbasus
886 2707 986 2766 austro.

206 2798 261 2856 His
274 2807 370 2858 vatem
383 2802 532 2879 adgredior
542 2803 633 2872 dictis,
654 2823 687 2864 ac
700 2805 768 2864 talia
780 2807 888 2884 quaeso:
975 2803 982 2820 ”’

205 2899 379 2979 Troiugena,
398 2903 537 2980 interpres
550 2905 656 2988 divom,
677 2907 728 2983 qui
741 2909 860 2968 numina
873 2909 982 2979 Pboebi,

208 3000 271 3058 Qui
283 3003 417 3079 tripodas,
436 3005 526 3064 Clarii
537 3007 641 3077 lauros,
661 3011 712 3085 qui
727 3011 815 3070 sidera
828 3011 924 3083 sentis,
982 3011 988 3028 ‘

207 3100 244 3158 Et
257 3103 406 3165 volucrum
417 3106 540 3186 linguas,
560 3119 591 3168 et
602 3113 736 3190 praepetis
746 3114 842 3180 omina
855 3133 966 3192 penne,
