2236 3584
168 207 224 268 120
399 181 727 266 bnoncrcou,
849 192 960 268 unu

165 333 300 424 Hictibi,
314 362 389 424 nate,
407 354 487 432 prius
498 352 782 430 vinclis'capiundus,
799 360 834 409 ut
846 353 962 412 omneni

164 458 308 536 Expediet
318 458 413 516 morbi
426 457 550 523 eausam,
571 467 745 531 eventusque
758 455 903 514 secundet.
954 491 955 496 κ

164 561 244 620 Nam
258 562 316 619 tine
328 561 358 620 vi
372 579 430 620 non
442 561 501 620 ulla
515 559 595 618 dabit
607 568 758 635 praecepta,
772 578 865 635 neque
877 559 973 618 illum-

167 665 285 722 Oraudo
297 665 406 735 fledes3
428 663 489 722 vim
502 666 602 721 duram
616 671 645 720 et
658 662 774 720 vincula
787 671 870 739 capto

166 769 281 826 Tende:
297 767 356 825 doli
365 767 474 826 circum
482 767 543 824 haec
552 767 668 824 demum
678 766 847 842 frangentur
853 765 962 823 inanes.

155 870 230 948 ¹Ipsa
243 890 297 947 ego
310 879 347 939 te,
368 871 477 928 medios
490 889 580 946 quum
593 869 633 926 sol
647 869 813 927 adcenderit
824 868 914 936 aestus,

167 975 268 1032 Quum
283 960 383 1032 sitiunt
395 973 499 1042 herbae,
520 982 550 1042 et
560 971 656 1049 pecori
665 970 726 1048 jam
740 972 848 1048 gratior
859 973 963 1030 umbra'

245 1073 294 1147 est,
745 1077 749 1084 '

166 1182 202 1241 In
216 1180 322 1238 secreta
335 1179 409 1238 senis
422 1181 535 1250 ducam,
555 1199 613 1255 quo
626 1177 710 1236 fefl'us
723 1180 760 1236 ab
773 1179 858 1236 undis

168 1287 203 1342 Se
216 1283 319 1359 recipit
323 1307 331 1353 ς
354 1282 439 1340 facile
453 1291 485 1340 ut
498 1281 597 1339 somno
610 1282 775 1358 adgrediare
784 1281 937 1358 jacentem.

166 1387 287 1454 Verum,
298 1385 349 1442 ubi
358 1395 527 1462 conreptum
537 1386 669 1443 manibus
677 1385 836 1460 vinclisque
847 1383 966 1454 tenebis,

167 1489 245 1547 Tum
259 1488 343 1546 variae
355 1489 473 1546 eludent
486 1489 591 1566 species
605 1499 691 1565 atque
704 1509 752 1552 ora
767 1489 905 1546 ferarum:

168 1590 233 1652 Fiet
245 1592 324 1650 enim
337 1592 432 1650 subito
448 1592 493 1657 sus
505 1593 646 1663 horridus,
666 1601 784 1667 utraque
798 1591 889 1667 tigris,
906 1631 911 1650 ,Α
948 1629 950 1634 -

169 1694 396 1771 squamosusque
409 1695 503 1765 draco,
523 1705 553 1753 et
565 1696 645 1754 fulvi
657 1695 767 1754 cervice
779 1695 882 1764 leaena;

168 1801 233 1858 Aut
242 1817 337 1856 acrem
347 1799 472 1856 flammae
485 1798 609 1858 sonitum
619 1799 708 1868 dabit,
718 1808 804 1874 atque
813 1798 854 1856 ita
864 1795 968 1858 vinclis

146 1975 150 1993 Δ
169 1902 301 1970 Excidet,
321 1911 371 1959 aut
384 1901 415 1958 in
428 1921 515 1977 aquas
531 1912 630 1960 tenues
642 1901 766 1978 dilapsus
778 1901 879 1958 abibit.

170 2005 235 2074 Sed,
247 2014 355 2080 quanto
369 2005 419 2062 ille
432 2005 524 2081 magis
536 2006 641 2064 formas
654 2005 684 2062 se
696 2013 788 2063 vertet
801 2005 831 2061 in
845 2003 960 2075 omnis,

169 2109 274 2176 Tanto,
295 2117 372 2176 nate,
392 2108 484 2184 magis
497 2109 639 2166 contende
656 2108 767 2166 tenacia
780 2107 889 2178 vincla,
954 2155 956 2160 .

170 2210 272 2268 Donec
286 2209 350 2266 talis
366 2210 422 2267 erit
435 2220 546 2274 mutato
558 2231 683 2288 corpore,
704 2212 819 2288 qualem

170 2312 295 2381 Videris,
315 2312 431 2389 incepto
445 2323 555 2390 tegeret
568 2334 659 2391 quum
671 2315 781 2386 lumina
795 2314 902 2372 somno

210 2417 283 2473 Haec
301 2415 350 2485 ait,
370 2428 400 2472 et
417 2416 561 2492 liquidum
580 2419 725 2476 ambrofiae
742 2416 881 2476 diffundit
898 2418 968 2478 odo·

288 2537 358 2588 rem,

173 2625 242 2682 Quo
258 2632 351 2683 totum
364 2625 425 2682 nati
438 2645 538 2703 corpus
552 2625 686 2702 perduxit
693 2651 703 2699 3
722 2625 811 2684 atilli

172 2727 275 2786 Dulcis
289 2729 442 2806 conpofitis
455 2729 572 2807 spiravit
585 2731 711 2788 crinibus
724 2749 801 2801 aura,
895 2727 898 2733 ‘

172 2831 271 2906 Atque
292 2832 398 2890 habilis
418 2834 556 2894 membris
576 2833 765 2910 venitvigor.
804 2832 853 2890 Est
866 2832 970 2910 ,specus
991 2857 993 2860 ·

250 2933 353 3012 ingens

172 3033 256 3092 Exefi
268 3037 355 3096 latere
368 3037 399 3095 in
413 3039 529 3107 montis,
549 3059 607 3116 quo
619 3040 744 3116 plurima
757 3049 843 3098 vento
953 3053 959 3066 '·

173 3137 296 3215 Cogitur
307 3139 396 3218 inque
408 3142 483 3200 finus
496 3141 601 3201 scindit
613 3141 671 3218 sese
684 3146 762 3216 unda
773 3144 917 3215 redud'ton3
949 3187 956 3200 ,
