2236 3584
209 203 266 267 1924
467 198 744 272 AENE1D05‚
889 204 999 259 maro.

1102 309 1103 380 l

208 349 334 421 Tristior,
354 359 385 410 et
396 353 520 414 lacrimis
532 356 628 414 oculos
641 355 746 416 suffirsa
759 352 886 422 nitentia,

209 453 387 530 Adloquitur
399 457 512 515 Venus:
537 459 566 516 Ο
583 459 634 535 qui
651 479 694 518 res
711 456 920 532 hominumque
937 454 1003 512 deo·

255 599 257 604 ,
325 575 446 634 rumque

208 655 339 716 AEtemis
353 660 427 735 regis
440 662 574 737 imperiis,
594 672 624 720 et
636 661 760 728 fulmine
773 659 872 719 terret!

212 758 387 819 Quid-meus
400 763 508 821 AEneas
521 765 552 822 in
566 773 595 822 te
607 765 776 824 conmittere
790 770 913 830 tantum,

208 862 290 920 Quid
304 864 392 922 Troes
404 867 538 941 potuere?
559 867 672 942 quibus,
693 875 737 924 tot
750 867 851 925 funera
864 861 955 940 pastis,

180 997 182 1001 v
207 966 336 1024 Cunctos
348 969 384 1026 ob
398 969 512 1027 Italiam
525 977 663 1028 terrarum
676 969 819 1031 clauditur
831 966 918 1026 orbis.

201 1061 293 1127 'Certe
305 1068 374 1126 irinc
388 1071 529 1130 Romanos
542 1071 620 1140 olim,
640 1071 820 1130 volventibus
833 1068 925 1138 annis,

208 1171 288 1230 Hinc
302 1171 363 1229 fore
376 1173 511 1242 dodones,
532 1182 662 1248 reuocato
675 1193 692 1232 a
705 1172 843 1250 sanguine
855 1168 971 1239 Teucri,

209 1273 271 1332 Qui
284 1293 372 1344 mare,
391 1275 441 1351 qui
454 1285 540 1334 terras
554 1275 657 1345 omnis,
671 1275 781 1333 ditione
794 1282 934 1342 tenerent,

206 1376 363 1436 Pollicitus.
403 1379 480 1436 Quae
499 1387 536 1448 te,
556 1377 677 1454 genitor,
698 1375 838 1436 sententia
849 1374 952 1434 vertit?
970 1428 971 1431 ,

206 1477 273 1536 Hoc
285 1478 420 1554 equidem
440 1479 571 1537 occasum
583 1477 686 1556 Trojae,
706 1478 847 1555 tristisque
859 1477 964 1548 ruinas,

206 1580 331 1650 Solabar,
350 1579 417 1639 satie
430 1581 571 1640 contraria
584 1581 644 1640 fata
657 1583 823 1658 rependens.
905 1643 911 1652 x

206 1683 298 1742 Nunc
310 1684 410 1742 eadem
422 1684 536 1742 fortuna
549 1683 631 1752 viros,
655 1693 699 1742 tot
711 1683 820 1742 cafibus
834 1683 918 1753 edos,

205 1765 376 1863 Insequitur.
419 1787 517 1846 Quem
537 1787 585 1844 das
605 1785 702 1858 finem,
723 1805 774 1844 rex
787 1803 902 1862 magne,
921 1784 1004 1844 labo·

285 1892 366 1947 rum?
738 1895 739 1898 ’

206 1993 340 2050 Antenor
351 1991 455 2069 potuit,
475 1991 577 2052 mediis
589 1992 698 2070 elapsus
711 1989 840 2062 Achivis,

205 2093 335 2170 Illyricos
347 2102 495 2170 penetrare
508 2094 583 2154 finus
593 2104 679 2172 atque
691 2095 794 2152 intima
807 2103 886 2152 tutus
1004 2171 1006 2176 Ι

206 2196 308 2273 Regna
321 2195 521 2265 Liburnorum,
540 2206 570 2254 et
583 2196 693 2255 fontem
706 2197 837 2273 superare
848 2194 979 2254 Timavi:

206 2300 295 2358 Unde
307 2315 357 2376 per
370 2317 418 2357 ora
431 2319 534 2357 novem
547 2300 623 2358 vasto
637 2319 704 2358 eum
716 2319 864 2358 murmure
876 2297 984 2358 montis

205 2401 235 2459 It
248 2419 326 2459 mare
338 2410 516 2478 proruptum,
530 2410 560 2460 et
572 2402 674 2479 pelago
686 2403 792 2480 premit
803 2421 869 2461 arva
878 2400 1005 2478 sonanti.

206 2503 266 2562 Hic
279 2513 377 2562 tamen
390 2503 438 2560 ille
450 2505 552 2562 urbem
564 2505 671 2574 Parae,
691 2504 827 2581 sedesque
839 2503 943 2562 locavit

206 2607 394 2674 Teucrorum,
414 2614 445 2662 et
457 2607 536 2683 genti
549 2625 654 2664 nomen
668 2608 757 2676 dedit,
777 2626 911 2684 armaque
923 2605 1004 2665 fixit,

204 2709 311 2766 Troia:
334 2725 413 2764 nunc
424 2707 536 2784 placida
549 2708 697 2786 conpostus
710 2727 780 2785 pace
793 2707 921 2786 quiescit.

204 2813 278 2882 Nos,
298 2821 347 2870 tua
360 2812 517 2888 progenies,
536 2813 603 2870 coeli
616 2813 721 2889 quibus
733 2813 833 2870 adnuis
847 2832 951 2884 arcem,

204 2913 346 2984 Navibus,
367 2914 531 2972 infanduml
554 2914 668 2983 amiffis,
686 2917 771 2972 unius
784 2917 821 2972 ob
834 2915 907 2974 iram
970 2917 973 2920 ’

204 3016 363 3086 Prodlmur,
383 3027 471 3092 atque
483 3015 562 3074 Italis
574 3017 660 3092 longe
673 3015 864 3094 disjungimur
876 3017 943 3074 oris.

205 3117 264 3180 Hic
277 3099 391 3202 pietatis
404 3119 509 3184 honos?
531 3117 568 3177 lic
581 3137 632 3177 nos
645 3118 675 3176 in
689 3117 949 3201 sceptrarepouisl
998 3164 1007 3174 .
