2208 3574
153 135 214 228 isa
416 165 693 241 nuurnos,
766 181 768 188 ¹
848 175 962 241 v.174.

132 404 135 409 Ι
158 324 330 402 Velatasque
343 343 447 397 comas,
465 328 672 404 praesentiaque
684 345 732 386 ora
745 313 880 386 videbar?

157 427 236 486 Tum
250 428 362 504 gelidus
375 438 436 486 toto
448 431 584 488 manabat
597 447 713 506 corpore
725 429 822 500 sudor)

157 529 295 608 Conripio
308 550 325 588 e
336 529 427 588 stratis
439 551 549 608 corpus,
570 533 713 606 tendoque
725 529 840 616 supinas

157 633 207 690 Ad
220 631 325 690 coelum
338 651 406 690 curu
419 652 488 692 voce
501 617 612 701 manus,
632 644 662 690 et
675 651 793 692 munera
806 632 866 690 libo

158 735 330 792 Intemerata
344 734 424 792 focis.
465 736 592 793 Perfecto
604 735 686 794 laetus
699 734 816 804 honore,

157 835 305 894 Anchisen
319 825 398 893 sacio‘
406 845 527 908 certum,
548 853 669 912 remque
680 837 779 894 ordine
792 837 895 914 pando.

155 936 288 1014 Agnovit
304 937 414 1014 prolem
426 937 601 1014 ambiguam,
615 938 802 1016 geminosque
814 937 939 1014 parentis
944 961 955 1010 ς

99 1093 103 1102 .
157 1041 250 1115 Seque
263 1059 338 1098 novo
349 1051 480 1098 veterum
493 1041 646 1117 deceptum
659 1059 753 1098 errore
765 1040 902 1098 locorum.

155 1127 236 1202 Tum
248 1151 401 1200 memorat:
423 1143 511 1212 Nate,
533 1141 626 1200 Iliacis
640 1143 764 1200 exercite
777 1142 854 1212 satis,

157 1245 222 1302 Sola
235 1244 309 1302 mihi
322 1243 386 1302 talis
399 1243 477 1302 casus
491 1244 643 1302 Cassandra
655 1245 785 1302 canebat.
906 1321 909 1324 Ι

156 1347 246 1404 Nunc
257 1355 363 1423 repeto,
377 1346 439 1404 haec
450 1347 547 1423 generi
558 1347 726 1422 portendere
737 1346 833 1404 debita
846 1335 953 1420 nostro,

157 1449 195 1507 Et
208 1449 283 1524 saepe·
294 1447 472 1524 Hesperiam,
493 1449 566 1524 saepe
579 1447 652 1506 Itala
665 1466 762 1524 regna,
776 1465 884 1506 vocare.

136 1532 139 1536 ⁵
157 1531 213 1610 sed
226 1550 290 1626 quis
302 1551 339 1608 ad
353 1549 499 1627 Hesperiae
512 1559 645 1607 venturos
655 1549 738 1607 litora
751 1551 877 1608 Teucros

156 1653 310 1735 Crederet?
325 1661 375 1710 aut
387 1669 474 1727 quern
488 1661 551 1708 tum
560 1660 638 1709 vates
648 1651 800 1710 Cassandra
810 1655 951 1710 moveret?

157 1755 300 1812 Cedamus
314 1754 428 1822 Phoebo,
447 1763 478 1811 et
490 1753 594 1811 moniti
610 1754 728 1812 meliora
741 1753 901 1829 sequamur.

156 1857 203 1916 Sic
216 1856 256 1914 ait
260 1881 269 1928 3
292 1865 322 1913 et
334 1855 432 1914 cundii
445 1855 521 1914 diuo
533 1873 666 1932 paremus
678 1863 803 1914 ovantes.

157 1959 242 2016 Hanc
255 1976 369 2034 quoque
381 1957 535 2015 deserimus
546 1957 655 2027 sedem,¹
670 1958 828 2034 paucisque
836 1941 940 2017 relictis

156 2059 228 2118 Vela
239 2061 349 2130 damus,
357 2058 523 2134 vastumque
532 2059 601 2116 cavi
612 2062 691 2117 trabe
699 2061 838 2118 currimus
847 2078 951 2137 aequor.

195 2161 344 2238 Postquam
357 2161 449 2219 altum
462 2171 578 2218 tenuere
592 2163 674 2231 rates,
695 2181 748 2219 nec
757 2159 819 2239 jam
830 2163 952 2240 amplius

271 2264 339 2320 ullae

154 2367 304 2444 Adparent
315 2375 405 2434 terrae,
413 2366 519 2424 caelum
527 2365 654 2442 undique
664 2376 693 2424 et
702 2366 829 2442 undique
838 2376 950 2444 pontus,

155 2467 233 2528 Tum
245 2468 319 2536 mihi
332 2469 468 2526 caeruleus
481 2468 564 2545 supra
576 2479 663 2545 caput
675 2469 783 2526 adstitit
795 2466 897 2540 imber,

143 2550 280 2630 ‘Nouem
292 2570 476 2644 hiememque
490 2569 582 2627 ferens
588 2595 598 2642 ς
619 2581 648 2628 et
661 2570 808 2629 inhorruit
820 2573 898 2630 unda
910 2581 950 2630 te·

270 2671 375 2730 nebris.

154 2775 302 2836 Continuo
314 2775 394 2833 venti
407 2773 529 2833 volvunt
544 2793 631 2845 mare,
652 2793 814 2852 magnaque
832 2774 950 2854 surgunt

154 2877 294 2954 AEquora.
334 2876 458 2953 Disperii
467 2875 607 2953 jactamur
619 2877 734 2952 gurgite
745 2877 829 2936 vasto.
855 2919 857 2927 ,
934 2919 938 2924 -

152 2980 300 3038 Involvere
311 2977 390 3036 diem
403 2977 504 3048 nimbi,
525 2987 555 3034 et
568 2997 627 3035 nors
639 2977 757 3037 humida
768 2981 874 3038 coelum

154 3081 282 3139 Abstulit
288 3105 297 3152 ;
318 3079 509 3157 ingeminant,
530 3079 658 3156 abruptis
671 3081 807 3154 nubibus,
826 3082 918 3159 ignes.
