2208 3574
404 207 610 258 NOTULAE.

107 356 144 401 coi
153 353 277 401 temerarias
289 365 366 398 manus
376 351 477 413 injiciunt
487 353 529 400 viri
539 352 607 408 docti,
616 350 665 397 satis
678 345 753 396 inscite
763 359 827 410 atque
837 348 900 394 inve·

109 435 181 488 nuile.v
214 439 265 486 Hrlc
276 437 326 485 lacit
336 436 405 486 etiam
416 441 507 498 Statius,
522 440 592 487 Theb.
601 440 630 485 ix.
648 438 704 498 438.
720 436 804 498 nequis
814 434 902 496 objiciat

42 535 45 540 '
109 529 170 574 nobis
181 531 188 558 ‘
198 526 334 573 tarditatem'
344 526 407 574 fluvii
416 545 423 585 ς
441 527 479 575 aut
490 528 584 585 nullam,
594 536 633 572 aut
641 525 709 588 po'e'tis
719 525 779 586 parvi
787 523 899 570 habitam:

142 677 143 680 Ἰ
238 646 437 663 .........
452 631 497 662 non
507 612 639 676 ‘spumifer'
649 611 712 660 altilis
723 610 823 668 ‘Ebrus,'

239 701 336 748 Gradivo
345 702 445 761 bellante,
463 703 536 749 rubet:

112 806 151 837 noc
162 806 205 837 non
215 788 359 846 Claudianus,
375 789 398 836 in
410 789 464 837 Ruf.
475 789 493 836 i.
512 803 568 850 332.

239 879 300 942 Qos
310 873 385 922 tamin
398 877 519 940 impavidus
528 885 603 924 contra
613 875 758 937 ‘spumantis’
770 875 796 920 ad
807 875 816 904 ‘
822 871 903 921 liebri'

241 965 323 1010 Tendis
333 979 407 1024 aquas.

114 1049 223 1100 Nondlm
233 1048 300 1110 igitir
309 1051 407 1098 damnari
416 1051 510 1099 sinemus
520 1046 636 1115 irrLycidal
647 1051 786 1097 Miltonum:

241 1141 314 1186 Down
323 1139 359 1184 the
370 1145 379 1172 ⁸
388 1138 444 1187 twift
452 1139 550 1186 Hebrus¹
562 1148 585 1184 to
595 1139 632 1184 the
642 1139 733 1185 lesblan
743 1138 812 1184 lhore.

89 1249 92 1255 ·
117 1226 200 1274 Confer
208 1227 263 1273 AEn.
274 1227 314 1273 xli.
331 1240 387 1288 423.
396 1241 454 1287 4²4·

149 1316 217 1374 Hinc,
229 1325 254 1362 ut
265 1330 311 1361 rem
322 1315 391 1375 magis
401 1315 532 1373 mirabilem,
538 1315 564 1360 de
572 1313 722 1376 Orphoodixit
730 1313 829 1360 Sidonius
835 1314 911 1374 Apol:

117 1403 200 1462 linaris,
215 1403 239 1450 ii.
250 1415 289 1464 73.

247 1491 309 1538 Cum
321 1490 415 1536 ‘starent
424 1490 506 1538 Hebri'
518 1490 598 1538 latices.

118 1579 119 1582 ’
151 1581 205 1628 Ver.
214 1591 272 1642 434.
293 1579 340 1624 Adi
357 1593 406 1639 quae
424 1577 521 1623 diximus
537 1578 564 1623 ad
580 1578 659 1638 Georg.
671 1580 697 1623 iv
719 1575 770 1637 167.
804 1573 911 1623 Similiter

120 1665 252 1728 Propertius,
267 1665 341 1725 1143.
355 1676 395 1726 95.

248 1753 309 1800 Cum
320 1752 397 1814 quibus
406 1752 466 1798 Idaeo
475 1751 544 1811 legilli
555 1767 619 1814 ponta
630 1751 667 1797 sub
677 1762 747 1808 antro,

282 1835 394 1902 Supposrti
405 1844 413 1870 ‘
419 1839 543 1900 excipiens?
560 1837 618 1894 Na'r',
628 1839 712 1885 'caduca
722 1853 805 1886 manu:

124 1939 145 1976 et
156 1927 292 1975 nitidillimus
302 1928 390 1989 scriptor
400 1925 511 1984 Phaedrus,
526 1925 584 1972 ii.·8.
600 1939 635 1973 ro.

249 2019 258 2047 ¹
267 2015 379 2076 Spatium’
390 2014 432 2060 diei
442 2013 512 2060 noetis
522 2017 530 2044 ‘
536 2014 660 2075 excipiunt'
671 2015 743 2068 vices:

123 2104 197 2150 otalii
208 2119 252 2150 non
262 2099 325 2149 raro:
343 2101 412 2157 idest,
430 2101 486 2147 ‘ex’
497 2101 565 2148 altero
576 2106 585 2133 ‘
591 2101 679 2164 capere?

155 2192 211 2238 Ver.
223 2189 278 2249 670.
299 2189 381 2250 Recepi
398 2188 515 2234 dielionem
536 2189 634 2249 plurium
650 2187 759 2246 codicum,
776 2203 826 2250 quae
843 2187 919 2236 nostrd

123 2293 209 2340 quoque
220 2276 335 2337 ingeniose
345 2276 459 2332 obtulerat,
475 2275 548 2322 multo
557 2275 710 2337 pulchriorem.

156 2367 211 2412 Ver.
224 2377 279 2425 737.
297 2363 428 2426 ΑωρΙοᾶοτ
439 2363 517 2409 codicis
529 2363 655 2420 lectionem,
672 2373 698 2410 ut
707 2365 800 2411 evitetur
809 2364 917 2412 insuavior

125 2453 188 2498 sonus
198 2462 220 2498 et
233 2451 308 2497 durior
321 2449 460 2496 constructio.
494 2451 547 2496 MS.
559 2451 618 2497 coll.
628 2451 672 2515 Jes.
683 2451 718 2498 dat
728 2455 737 2484 ⁴
746 2451 858 2499 libatamt'
875 2467 919 2499 vo·

125 2541 177 2598 luit,
193 2543 278 2603 opinor,
293 2539 392 2586 librarius
402 2537 529 2585 ‘libatum-¹

157 2630 211 2674 Ver.
223 2639 278 2687 741.
301 2626 405 2672 Consulas
414 2625 510 2671 nostram
522 2625 576 2672 silv.
589 2626 646 2672 erit.
657 2625 686 2674 iv.
704 2643 726 2688 p.
738 2625 775 2686 36.

158 2716 212 2761 Ver.
223 2725 279 2774 751.
301 2715 336 2760 De
347 2712 381 2758 lris
390 2713 457 2758 armis
475 2722 543 2772 rogat,
559 2712 635 2774 utpote
649 2713 719 2759 divini
732 2713 821 2760 artificis
836 2709 920 2760 solertii

127 2799 247 2858 elaboratis,
268 2799 339 2862 quim
358 2815 385 2846 ex
401 2800 496 2846 Vulcani
515 2799 633 2860 prodierint
651 2797 745 2858 officiosi,
768 2801 813 2862 ipso
828 2801 922 2861 Virgilio

129 2889 189 2946 teste,
205 2887 262 2934 AEn.
274 2887 322 2932 viii.
342 2886 398 2947 384.

256 2977 290 3022 Te
302 2975 372 3036 potuit
383 2975 479 3022 lacrimis
489 2975 595 3022 Tithonia
605 2975 690 3022 flellere
699 2974 805 3036 conjunx.

131 3065 191 3126 stoc,
204 3072 376 3127 praetermorem
394 3063 418 3109 in
427 3063 461 3109 his
473 3063 530 3109 notis
543 3061 659 3120 servaturo,
674 3063 760 3122 monui,
777 3073 802 3110 ut
817 3077 875 3110 nunc
890 3072 928 3110 ent
