2236 3584
168 201 227 254 sss·
414 195 692 270 murreus,
874 190 1043 270 snm

164 352 240 408 Sunt
249 349 322 410 mihi
334 349 378 409 bis
391 351 500 430 septem
521 353 664 430 praestanti
677 371 793 430 corpore
804 350 962 429 Nymphae,

165 453 307 524 Quarum,
327 473 392 530 quae
405 454 498 513 sormi
510 456 711 532 pulcherrima,
730 455 890 532 Deiopeam
926 438 928 442 ¹

164 554 318 614 Connubio
326 554 450 633 jungam
463 557 566 627 stabili,
584 556 785 634 propriamque
798 556 914 628 dicabo;

163 655 275 715 Omnis·
280 667 315 715 ut
329 667 426 714 tecum
438 659 547 716 meritis
560 679 612 737 pro
625 647 729 717 talibus
742 676 831 716 annos

148 791 151 801 =
164 759 279 835 Exiget,
300 768 329 816 et
341 757 460 836 pulchra
472 761 560 818 saciat
574 771 603 818 te
615 761 693 836 prole
705 770 863 837 parentem.

187 861 307 920 AEolus
320 861 384 919 lraec
395 871 508 920 contra:
530 863 620 931 Tuus,
633 883 650 920 o
662 863 774 938 regina!
798 861 867 937 quid
880 867 963 938 optes

163 963 319 1040 Explorate
331 964 412 1022 labor
415 989 425 1036 3
446 965 520 1022 mihi
528 964 600 1042 jussa
614 963 753 1042 capessere
767 964 809 1022 sas
822 964 870 1024 est.

144 1117 147 1124 ,
162 1065 212 1126 Tu
230 1066 313 1134 mihi,
333 1067 534 1144 quodcumque
551 1050 608 1127 lroc
627 1069 718 1144 regni,
738 1077 771 1126 tu
789 1068 897 1145 sceptra
909 1069 961 1145 Jo-¹

241 1188 364 1246 remque

164 1269 308 1330 Concilias
315 1297 323 1342 5
345 1281 379 1330 tu
391 1273 441 1331 das
454 1272 546 1350 epulis
558 1273 729 1332 adcumbere
742 1272 848 1340 divom,

163 1375 397 1451 Nimborumque
409 1375 480 1433 sacis
493 1375 750 1452 tempestatumque
761 1384 919 1452 potentem.

203 1478 275 1535 Haec
287 1477 338 1534 ubi
351 1477 435 1548 dista,
447 1496 551 1534 cavum
560 1476 693 1539 conversa
703 1475 819 1553 cuspide
830 1470 959 1536 montem

163 1580 273 1656 Inpulit
286 1580 319 1638 in
332 1580 418 1649 latus3
441 1598 474 1636 ac
487 1577 576 1645 venti,
595 1578 674 1636 velut
687 1577 803 1655 agmine
816 1578 901 1648 fastu,

164 1682 313 1744 Ouadata
326 1691 416 1760 porta,
436 1691 534 1748 munt,
554 1689 583 1737 et
596 1692 683 1738 terras
698 1680 813 1738 turbine
826 1680 959 1756 perflant,

163 1785 323 1844 Incubuere
336 1782 418 1852 mari,
439 1791 590 1859 totumque
602 1802 618 1840 a
632 1781 745 1840 sedibus
756 1781 822 1840 imis

162 1889 231 1946 Una
251 1888 400 1962 Eurusque
419 1885 574 1962 Notusque
594 1893 690 1954 ruunt,
717 1886 870 1960 creberque
892 1901 958 1962 pro·

241 1989 320 2048 cellis
356 2017 359 2024 ·
573 2049 574 2052 ,

161 2091 288 2160 Africus,
308 2100 338 2148 et
350 2091 439 2149 vastos
451 2090 571 2148 volvunt
584 2091 620 2147 ad
632 2089 716 2148 litora
729 2089 846 2148 finnus:

162 2192 326 2268 Insequitur
338 2193 501 2267 clamorque
514 2192 608 2249 virum
621 2192 776 2269 stridorque
791 2192 958 2256 rudentum.

162 2295 296 2372 Eripiunt
309 2293 403 2353 subito
417 2296 506 2352 nubes
519 2293 689 2369 coelumque,
708 2295 851 2370 diemque,

161 2398 338 2455 Teucrorum
351 2415 389 2453 ex
401 2395 503 2453 oculis:
526 2405 613 2470 ponto
625 2413 682 2452 nox
694 2395 813 2454 incubat
827 2408 896 2454 atra.

162 2501 316 2556 Intonuere
328 2498 396 2575 poli,
416 2507 446 2554 et
459 2497 564 2555 crebris
577 2498 665 2556 micat
677 2497 793 2574 ignibus
806 2499 920 2569 aether5.

162 2600 390 2675 Praesentemque¹
400 2600 467 2657 viris
480 2599 624 2657 intentant
637 2599 733 2657 omnia
747 2597 883 2658 mortem

201 2703 354 2780 Extemplo
365 2702 469 2760 AEneae
482 2701 631 2759 solvuntur
643 2682 748 2778 frigore
760 2704 902 2761 membra:
992 2772 994 2776 Ι

162 2808 305 2885 Ingemit3
326 2815 365 2876 et,
385 2805 507 2884 duplicis
521 2787 643 2862 tendens
652 2807 688 2862 ad
702 2805 789 2862 fidem
802 2807 918 2882 palmas,

160 2912 242 2970 Talia
256 2928 325 2968 voce
339 2909 439 2966 resert=
463 2908 491 2966 Ο
506 2915 605 2982 terque
618 2917 774 2984 quaterque
787 2909 864 2967 beati
871 2885 904 2966 1⁸

138 3011 141 3016 ’
162 3015 236 3072 Quis
249 3023 316 3070 ante
329 3029 378 3069 ora
390 3019 513 3087 patrum,
526 3006 620 3084 Trojae
632 3009 684 3066 sub
697 3010 839 3068 moenibus
853 3003 926 3080 altis,

161 3115 293 3190 Contigit
304 3111 450 3190 oppetere!
472 3129 499 3183 o,
513 3110 647 3180 Danabm
660 3111 808 3171 sortifflme
822 3112 923 3196 gentis.
1014 3143 1029 3170 s
